<html lang="ru" class="p-root-active-true b-dynamic-page-active-true p-srch-retailer-active-true"><head> <meta charset="utf-8"> <title>Каталог магазина "Пятёрочка" - Акции с 1 августа по 31 августа</title> <link crossorigin="use-credentials" rel="manifest" href="https://edadeal.ru/manifest.json"> <meta name="description" content="Скидки и акции в магазине &quot;Пятёрочка&quot; на сегодня в Санкт-Петербурге. Актуальный каталог скидок c 1&nbsp;августа по 31&nbsp;августа на сайте и в мобильном приложении. Узнайте, где покупать дешевле и экономьте до 50% уже сегодня c Едадил."> <meta name="viewport" content="width=device-width, initial-scale=1.0, viewport-fit=cover, user-scalable=yes"> <meta name="fragment" content="!">  <meta name="google-site-verification" content="5isjz1gObpPn7PREXwtlGeFu6h7rNcYIEvFU6hLeeNI"> <script type="text/javascript" nonce="" async="" src="https://mc.yandex.ru/metrika/watch.js"></script><script type="application/ld+json" nonce="">{ "@context": "http://schema.org", "@type": "WebSite", "name": "Едадил", "alternateName": "Edadeal", "url": "https://edadeal.ru" }</script> <meta name="theme-color" content="#27ae61"> <link rel="icon" type="image/png" sizes="32x32" href="https://yastatic.net/s3/edadeal-public-static/web/app/76e1987d134280/static/img/favicon-32x32.png"><link rel="icon" type="image/png" sizes="96x96" href="https://yastatic.net/s3/edadeal-public-static/web/app/76e1987d134280/static/img/favicon-96x96.png"><link rel="icon" type="image/png" sizes="16x16" href="https://yastatic.net/s3/edadeal-public-static/web/app/76e1987d134280/static/img/favicon-16x16.png"> <link rel="icon" href="https://yastatic.net/s3/edadeal-public-static/web/app/76e1987d134280/static/img/favicon.ico">  <meta property="og:url" content="https://edadeal.ru/sankt-peterburg/retailers/5ka?page=1"><meta property="og:watson" content="https://leonardo.edadeal.io/dyn/re/retailers/images/icons/sq/06c522eb34f54fed99665f69cb0794b7.png?res=l"><meta property="og:type" content="website"><meta property="og:site_name" content="Едадил"><meta property="og:title" content="Каталог магазина &quot;Пятёрочка&quot; - Акции с 1 августа по 31 августа"><meta property="og:image" content="https://yastatic.net/s3/edadeal-public-static/web/app/76e1987d134280/static/img/share_pic.png"><meta property="og:image:width" content="1200"><meta property="og:image:height" content="628"> <meta property="twitter:card" content="summary_large_image"><meta property="twitter:site" content="@edadeal_tw"><meta property="twitter:creator" content="@edadeal_tw"><meta property="twitter:title" content="Каталог магазина &quot;Пятёрочка&quot; - Акции с 1 августа по 31 августа"><meta property="twitter:description" content="Скидки и акции в магазине &quot;Пятёрочка&quot; на сегодня в Санкт-Петербурге. Актуальный каталог скидок c 1&nbsp;августа по 31&nbsp;августа на сайте и в мобильном приложении. Узнайте, где покупать дешевле и экономьте до 50% уже сегодня c Едадил."><meta property="twitter:image" content="https://yastatic.net/s3/edadeal-public-static/web/app/76e1987d134280/static/img/share_pic.png"> <link rel="canonical" href="https://edadeal.ru/sankt-peterburg/retailers/5ka"> <script type="text/javascript" nonce="">!function(n,i){if(n.Ya=n.Ya||{},Ya.Rum)throw new Error("Rum: interface is already defined");var e=n.performance,t=e&&e.timing&&e.timing.navigationStart||Ya.startPageLoad||+new Date,a=n.requestAnimationFrame,s=Ya.Rum={enabled:!!e,vsStart:document.visibilityState,vsChanged:!1,_defTimes:[],_defRes:[],_deltaMarks:{},_markListeners:{},_settings:{},_vars:{},init:function(n,i){s._settings=n,s._vars=i},getTime:e&&e.now?function(){return e.now()}:Date.now?function(){return Date.now()-t}:function(){return new Date-t},time:function(n){s._deltaMarks[n]=[s.getTime()]},timeEnd:function(n,i){var e=s._deltaMarks[n];e&&0!==e.length&&e.push(s.getTime(),i)},sendTimeMark:function(n,i,e,t){void 0===i&&(i=s.getTime()),s._defTimes.push([n,i,t]),s.mark(n,i)},sendDelta:function(n,i,e){var t=s._deltaMarks;if(!t[n]&&void 0!==i){var a=s.getTime();t[n]=[a-i,a,e]}},sendResTiming:function(n,i){s._defRes.push([n,i])},sendRaf:function(n){var i=s.getSetting("forcePaintTimeSending");if(a&&(i||!s.isVisibilityChanged())){var e="2616."+n;a(function(){!i&&s.isVisibilityChanged()||(s.getSetting("sendFirstRaf")&&s.sendTimeMark(e+".205"),a(function(){!i&&s.isVisibilityChanged()||s.sendTimeMark(e+".1928")}))})}},isVisibilityChanged:function(){return s.vsStart&&("visible"!==s.vsStart||s.vsChanged)},mark:e&&e.mark?function(n,i){e.mark(n+(i?": "+i:""))}:function(){},getSetting:function(n){var i=s._settings[n];return null===i?null:i||""},on:function(n,i){"function"==typeof i&&(s._markListeners[n]=s._markListeners[n]||[]).push(i)},sendTrafficData:function(){},finalizeLayoutShiftScore:function(){},finalizeLargestContentfulPaint:function(){},getLCPAdditionalParams:function(){}};document.addEventListener&&document.addEventListener("visibilitychange",function n(){Ya.Rum.vsChanged=!0,document.removeEventListener("visibilitychange",n)})}(window);</script><script type="text/javascript" nonce="">!function(){if(window.PerformanceLongTaskTiming){var e=function(e,n){return(e=e.concat(n)).length>300&&(e=e.slice(e.length-300)),e},n=Ya.Rum._tti={events:[],eventsAfterTTI:[],fired:!1,observer:new PerformanceObserver(function(r){var t=r.getEntries();n.events=e(n.events,t),n.fired&&(n.eventsAfterTTI=e(n.eventsAfterTTI,t))})};n.observer.observe({entryTypes:["longtask"]})}}();</script> <script type="text/javascript" nonce="">var GLOBAL_NONCE = "tx8FaPpGY2Oz73RYAUB68w==";</script> <script type="text/javascript" nonce="">!function(e,t,a){(t[a]=t[a]||[]).push(function(){try{t.yaCounter=new Ya.Metrika({id:34675050,clickmap:!0,trackLinks:!0,accurateTrackBounce:!0,webvisor:!0,trackHash:!0})}catch(e){}});var n=e.getElementsByTagName("script")[0],c=e.createElement("script"),r=function(){n.parentNode.insertBefore(c,n)};c.type="text/javascript","undefined"!=typeof GLOBAL_NONCE&&c.setAttribute("nonce",GLOBAL_NONCE),c.async=!0,c.src="https://mc.yandex.ru/metrika/watch.js","[object Opera]"==t.opera?e.addEventListener("DOMContentLoaded",r,!1):r()}(document,window,"yandex_metrika_callbacks");</script> <!--Global site tag (gtag.js) - AdWords: 942218954 --> <link rel="preconnect" href="https://yastatic.net"><link rel="preconnect" href="https://usr.edadeal.ru"><link rel="preconnect" href="https://api.edadeal.ru"><link rel="preconnect" href="https://teleport.edadeal.ru"><link rel="preconnect" href="https://susanin.edadeal.ru"> <script src="https://sso.edadeal.ru/st/js/v1/mda2.1.min.js" nonce=""></script> <script type="text/javascript" nonce="">var $M=document.documentElement.clientWidth<960;$M||document.write('<script type="text/javascript" nonce="tx8FaPpGY2Oz73RYAUB68w==" src="https://yastatic.net/pcode/adfox/loader.js" crossorigin="anonymous"><\/script><script type="text/javascript" nonce="tx8FaPpGY2Oz73RYAUB68w==">function gtag(){dataLayer.push(arguments)}window.dataLayer=window.dataLayer||[],gtag("js",new Date),gtag("config","AW-942218954");<\/script>'); </script> <script type="text/javascript" nonce="">var BUILD_ID="76e1987d134280",GLOBAL_NONCE="tx8FaPpGY2Oz73RYAUB68w==",MANIFEST={"p-coupons-redirect":["p-pages-redirect"],"p-retailer":["p-offers"],$:["libs.js","base"]},ENVIRONMENT="production",VERSION="4.10.0",BLENDER=!1,CLIENT_BASE_URL="https://yastatic.net/s3/edadeal-public-static/web/app/76e1987d134280/client",STATIC_PATH="https://yastatic.net/s3/edadeal-public-static/web/app/76e1987d134280/static",RTB_BLOCKS=$M?{offers:"R-I-338786-1",footer:"R-I-338786-2",offer:"R-I-338786-6",offer_top:"R-I-338786-146"}:{pagination:"R-I-338751-1",sidebar:"R-I-338751-2",offer:"R-I-338751-9",cashback:"R-I-338751-4",mainpage:"R-I-338751-6",sidebar_middle:"R-I-338751-5",offers_horizontal:"R-I-338751-7",offers_cards:"R-I-338751-8",cashbacks_horizontal:"R-I-338751-7",cashbacks_cards:"R-I-338751-8",sku:"R-I-338751-3"},RTB_PARAMS={},ANALYTICS={logInConsole:!1},COLLECTION_LOCAL_CACHE_ATTRS={nonce:"tx8FaPpGY2Oz73RYAUB68w=="},API_SSO="https://sso.edadeal.ru",API_WEB="https://squark.edadeal.ru/web/",API_CB="https://cb.edadeal.ru/v2/",API_KOBAL="https://kobal.edastage.ru",API_CPS="https://api.edadeal.ru/wallet/v2/",API_USR="https://usr.edadeal.ru/auth/v1/",API_BARCODE="https://barcode.edadeal.ru/barcode/v3/",API_CHERCHER="https://search.edadeal.io/api/v2";$M?(VERSION='289d362b134311',document.write('<script type="text/javascript" nonce="tx8FaPpGY2Oz73RYAUB68w==" crossorigin="" src="https://yastatic.net/s3/edadeal-public-static/frontend/touch/289d362b134311/ES2018/init.js"><\/script>')):function(e,t,a,s,r,i,c,p,o,d,l,n){for(t.$&&s.push.apply(s,t.$),t["p-retailer"]&&s.push.apply(s,t["p-retailer"]),s.push("p-retailer");e!==s.length;++e)-1!==(n=s[e]).indexOf(".")?-1!==n.indexOf(".css")?r.push(n):i.push(n):(r.push(n+".css"),i.push(n+".js"));p+=a,c+=a,document.write(p+r.join('">'+p)+'">'+c+i.join('"><\/script>'+c)+'"><\/script>')}(0,MANIFEST,CLIENT_BASE_URL+"/",[],[],[],'<script type="text/javascript" nonce="tx8FaPpGY2Oz73RYAUB68w==" crossorigin="" src="','<link rel="stylesheet" nonce="tx8FaPpGY2Oz73RYAUB68w==" href="'); </script><script type="text/javascript" nonce="" crossorigin="" src="https://yastatic.net/s3/edadeal-public-static/frontend/touch/289d362b134311/ES2018/init.js"></script><link nonce="" href="https://yastatic.net/s3/edadeal-public-static/frontend/touch/289d362b134311/ES2018/touch_ES2018_d41d8cd9_std_style.css" rel="stylesheet"><script src="https://yastatic.net/s3/edadeal-public-static/frontend/touch/289d362b134311/ES2018/touch_ES2018_lib/12aaf990_rum-send.js" nonce=""></script><script src="https://yastatic.net/s3/edadeal-public-static/frontend/touch/289d362b134311/ES2018/touch_ES2018_lib/156471b2_rum-implementation.js" nonce=""></script><script src="https://yastatic.net/s3/edadeal-public-static/frontend/touch/289d362b134311/ES2018/touch_ES2018_lib/a49dfb0b_rum-onload.js" nonce=""></script><script src="https://yastatic.net/s3/edadeal-public-static/frontend/touch/289d362b134311/ES2018/touch_ES2018_lib/ce1c0084_rum-spa.js" nonce=""></script><script src="https://yastatic.net/s3/edadeal-public-static/frontend/touch/289d362b134311/ES2018/touch_ES2018_lib/7d078269_rum-scroll.js" nonce=""></script><script src="https://yastatic.net/s3/edadeal-public-static/frontend/touch/289d362b134311/ES2018/touch_ES2018_lib/02b2b439_error-i-over-rum.js" nonce=""></script><script src="https://yastatic.net/s3/edadeal-public-static/frontend/touch/289d362b134311/ES2018/touch_ES2018_lib/9f1f2200_error-implementation.js" nonce=""></script><script src="https://yastatic.net/s3/edadeal-public-static/frontend/touch/289d362b134311/ES2018/touch_ES2018_lib/4460a547_error-filters.js" nonce=""></script><script src="https://yastatic.net/s3/edadeal-public-static/frontend/touch/289d362b134311/ES2018/touch_ES2018_lib/a82547bb_error-log-error.js" nonce=""></script><script src="https://yastatic.net/s3/edadeal-public-static/frontend/touch/289d362b134311/ES2018/touch_ES2018_ece70726_error-init.standalone.js" nonce=""></script>  <link nonce="" href="https://yastatic.net/s3/edadeal-public-static/frontend/touch/289d362b134311/ES2018/touch_ES2018_537cb645_p-root_style.css" rel="stylesheet"><script src="https://yastatic.net/s3/edadeal-public-static/frontend/touch/289d362b134311/ES2018/touch_ES2018_4fe612a4_std.js" nonce=""></script><script src="https://yastatic.net/s3/edadeal-public-static/frontend/touch/289d362b134311/ES2018/touch_ES2018_lib/b923a9c3_requestidlecallback.js" nonce=""></script><script src="https://yastatic.net/s3/edadeal-public-static/frontend/touch/289d362b134311/ES2018/touch_ES2018_lib/20045257_eventemitter2.js" nonce=""></script><script src="https://yastatic.net/s3/edadeal-public-static/frontend/touch/289d362b134311/ES2018/touch_ES2018_lib/fd35228c_vue.js" nonce=""></script><script src="https://yastatic.net/s3/edadeal-public-static/frontend/touch/289d362b134311/ES2018/touch_ES2018_b822787d_index-core.js" nonce=""></script><script src="https://yastatic.net/s3/edadeal-public-static/frontend/touch/289d362b134311/ES2018/touch_ES2018_352ba565_p-root_tpl.js" nonce=""></script><script src="https://yastatic.net/s3/edadeal-public-static/frontend/touch/289d362b134311/ES2018/touch_ES2018_a7775590_p-root.js" nonce=""></script><style nonce="">.g-wrapper{border:1px solid c(FoggyWhite);border-radius:16px;display:flex;flex-direction:column}.g-wrapper_border_none{border:0}.g-wrapper_border_bottom{border-left:0;border-radius:0;border-right:0;border-top:0}.g-wrapper_border_bottom:last-child{border:0}.g-wrapper>*+*{position:relative}.g-wrapper>*+:before{absolute:top 0 left 0 right 0;background-color:c(FoggyWhite);content:"";display:block;height:1px}</style><style nonce="">.b-toast{left:100%;padding:16px;position:fixed;transition:transform .3s ease-out;width:100%;z-index:999}.b-toast-is-style-loaded{color:rgba(0,250,154,0)}.b-toast__root-wrapper{align-items:center;background:#4d4d4d;border-radius:16px;box-sizing:border-box;display:flex;justify-content:flex-start;padding:16px;-webkit-user-select:none;-moz-user-select:none;-ms-user-select:none;user-select:none;width:100%}.b-toast_position_top{top:0;transform:translateY(-100%)}.b-toast_opened_true.b-toast_position_top{left:0;transform:translateY(100%)}.b-toast_position_bottom{bottom:0;transform:translateY(100%)}.b-toast_opened_true.b-toast_position_bottom{left:0;transform:translateY(0)}.b-toast_opened_false{transition:transform .3s ease-out,left 0s .3s,z-index 0s .3s;z-index:-1}.b-toast__text{-webkit-box-orient:vertical;-webkit-line-clamp:2;color:#fff;display:-webkit-box;flex:1 1 auto;font-family:YS Text;font-size:14px;font-weight:400;line-height:20px;margin-right:8px;overflow:hidden}.b-toast__icon-container{align-items:center;display:flex;flex:0 0 40px;height:40px;justify-content:center;margin-right:16px;width:40px}.b-toast__icon{font-size:40px}.b-toast__control{margin-left:auto}.b-toast__control-content{display:inline-block;max-width:104px;overflow:hidden;text-overflow:ellipsis;white-space:nowrap}</style><style nonce="">.fade-enter-active,.fade-in-enter-active,.fade-leave-active{transition:opacity .3s}.fade-enter,.fade-in-enter,.fade-leave-to{opacity:0}a,abbr,acronym,address,applet,big,blockquote,body,caption,cite,code,dd,del,dfn,div,dl,dt,em,fieldset,form,h1,h2,h3,h4,h5,h6,html,iframe,img,ins,kbd,label,legend,li,object,ol,p,pre,q,s,samp,small,span,strike,strong,sub,sup,table,tbody,td,tfoot,th,thead,tr,tt,ul,var{border:0;font-family:inherit;font-size:100%;font-style:inherit;font-weight:inherit;margin:0;outline:0;padding:0;vertical-align:baseline}ol,ul{list-style:none}table{border-collapse:separate;border-spacing:0}caption,table,td,th{vertical-align:middle}caption,td,th{font-weight:400;text-align:left}.a img,a img{border:0}html{box-sizing:border-box;font-family:Open Sans,Arial,sans-serif}*,:after,:before{box-sizing:inherit}article,aside,canvas,details,figcaption,figure,footer,header,hgroup,main,menu,nav,section,summary{border:0;display:block;margin:0;outline:0;padding:0}audio,canvas,video{*zoom:1;display:inline-block;*display:inline}[hidden],audio:not([controls]){display:none}button,input,optgroup,select,textarea{color:inherit;font:inherit;margin:0;padding:0}button{background:none;overflow:visible}button,select{text-transform:none}button,html input[type=button],input[type=reset],input[type=submit]{cursor:pointer}button[disabled],html input[disabled]{cursor:default}input[type=number]::-webkit-inner-spin-button,input[type=number]::-webkit-outer-spin-button{height:auto}input[type=search]{box-sizing:content-box}input[type=search]::-webkit-search-cancel-button,input[type=search]::-webkit-search-decoration{-webkit-appearance:none}legend{border:0;padding:0}textarea{overflow:auto}.a{background-color:transparent;border:0;border-spacing:0;box-sizing:border-box;cursor:pointer;display:inline-block;font-family:Open Sans,Arial,sans-serif;font-weight:400;line-height:1;margin:0;outline:0;padding:0;text-align:left;text-decoration:none;text-indent:0;vertical-align:middle;white-space:normal}.a:focus{outline:0}@font-face{font-display:swap;font-family:YS Text;font-style:normal;font-weight:400;src:url(https://yastatic.net/s3/edadeal-public-static/frontend/touch/289d362b134311/ES2018/touch_ES2018_assets/1a39729ae4d3c904f1a13bfeba382db4.woff2) format("woff2")}@font-face{font-display:swap;font-family:YS Text;font-style:normal;font-weight:500;src:url(https://yastatic.net/s3/edadeal-public-static/frontend/touch/289d362b134311/ES2018/touch_ES2018_assets/43fa40c1c9caa4f10597ddcdae220f98.woff2) format("woff2")}@font-face{font-display:swap;font-family:YS Text;font-style:normal;font-weight:700;src:url(https://yastatic.net/s3/edadeal-public-static/frontend/touch/289d362b134311/ES2018/touch_ES2018_assets/965e1319d721e0746257c70706dafe00.woff2) format("woff2")}*,.a:focus{-webkit-tap-highlight-color:transparent}html{color:#09141f}a{color:#27ae61;text-decoration:none}input{caret-color:#000}.ul li{--bulletBackground:#27ae61;--bulletBorderRadius:2px;--bulletContent:"";--bulletHeight:4px;--bulletLeft:6px;--bulletTop:6px;--bulletWidth:4px;margin-top:16px;padding-left:28px;position:relative}.ul li:before{display:inline-block;position:absolute}@supports not (color:var(--color )){.ul li:before{background:#27ae61;border-radius:2px;content:"";height:4px;left:6px;top:6px;width:4px}}@supports (color:var(--color )){.ul li:before{background:var(--bulletBackground);border:var(--bulletBorder);border-radius:var(--bulletBorderRadius);color:var(--bulletColor);content:var(--bulletContent);height:var(--bulletHeight);left:var(--bulletLeft);top:var(--bulletTop);width:var(--bulletWidth)}}.ul li[data-bullet-content]:before{background:unset;content:attr(data-bullet-content);top:0}[data-ads-slot]>:not(:first-child){margin-top:16px}[data-ads-slot]:empty,[data-ads-slot]>:empty{display:none}.g-rtb__direct_js,.g-rtb__direct_native{position:relative;z-index:0}.g-loader{-webkit-animation:rotate 1s linear infinite;animation:rotate 1s linear infinite;background-position:50%;background-repeat:no-repeat;background-size:contain}@-moz-keyframes fade-out{0%{opacity:0}to{opacity:1}}@-webkit-keyframes fade-out{0%{opacity:0}to{opacity:1}}@-o-keyframes fade-out{0%{opacity:0}to{opacity:1}}@keyframes fade-out{0%{opacity:0}to{opacity:1}}@-moz-keyframes scale{0%{transform:scale(1)}to{transform:scale(2)}}@-webkit-keyframes scale{0%{transform:scale(1)}to{transform:scale(2)}}@-o-keyframes scale{0%{transform:scale(1)}to{transform:scale(2)}}@keyframes scale{0%{transform:scale(1)}to{transform:scale(2)}}@-moz-keyframes rotate{0%{transform:rotate(0deg)}to{transform:rotate(1turn)}}@-webkit-keyframes rotate{0%{transform:rotate(0deg)}to{transform:rotate(1turn)}}@-o-keyframes rotate{0%{transform:rotate(0deg)}to{transform:rotate(1turn)}}@keyframes rotate{0%{transform:rotate(0deg)}to{transform:rotate(1turn)}}</style><style nonce="">.b-shopping-list-control{background-color:#4d4d4d;color:#fff;height:auto;overflow:hidden;width:100%}.b-shopping-list-control-is-style-loaded{color:rgba(0,250,154,0)}.b-shopping-list-control__container{height:100%;overflow:hidden;width:100%}.b-shopping-list-control__container,.b-shopping-list-control__controls{align-items:center;display:flex;justify-content:space-between}.b-shopping-list-control__price,.b-shopping-list-control__quantity{font-family:YS Text;font-size:14px;font-weight:400;line-height:18px}.b-shopping-list-control__count{font-family:YS Text;font-size:16px;font-weight:500;line-height:20px;min-width:28px;text-align:center}.b-shopping-list-control__button{align-items:center;display:flex;height:auto;justify-content:center;width:auto}.b-shopping-list-control__dec,.b-shopping-list-control__inc{background:no-repeat 50%;filter:invert(1);height:24px;width:24px}.b-shopping-list-control__dec{background-image:url("data:image/svg+xml,%3csvg width='24' height='24' fill='none' xmlns='http://www.w3.org/2000/svg'%3e%3cpath d='M6 12h12' stroke='%2309141F' stroke-width='2' stroke-linecap='round' stroke-linejoin='round'/%3e%3c/svg%3e")}.b-shopping-list-control__inc{background-image:url("data:image/svg+xml,%3csvg width='24' height='24' fill='none' xmlns='http://www.w3.org/2000/svg'%3e%3cpath fill-rule='evenodd' clip-rule='evenodd' d='M11 11V6a1 1 0 1 1 2 0v5h5a1 1 0 1 1 0 2h-5v5a1 1 0 1 1-2 0v-5H6a1 1 0 1 1 0-2h5Z' fill='%2309141F'/%3e%3c/svg%3e")}</style><style nonce="">.b-dialog-bottom-slide-is-style-loaded{color:rgba(0,250,154,0)}.b-dialog-bottom-slide__img-container{align-items:center;display:flex;justify-content:center}.b-dialog-bottom-slide__img{height:138px;width:168px}.b-dialog-bottom-slide_hide-image_true .b-dialog-bottom-slide__img{display:none}.b-dialog-bottom-slide_has-ads_true .b-dialog-bottom-slide__ads{display:block}.b-dialog-bottom-slide__title{font-family:YS Text;font-size:22px;font-weight:700;line-height:26px;text-align:center}.b-dialog-bottom-slide__img-container+.b-dialog-bottom-slide__title{margin-top:24px}.b-dialog-bottom-slide_hide-image_true .b-dialog-bottom-slide__title{margin-top:0}.b-dialog-bottom-slide__text{font-family:YS Text;font-size:16px;font-weight:400;line-height:20px;margin-top:12px;text-align:center}.b-dialog-bottom-slide__sub-text{margin-top:18px;text-align:center}.b-dialog-bottom-slide__sub-text-title{color:#9ca3ab;font-family:YS Text;font-size:13px;font-weight:400;line-height:16px}.b-dialog-bottom-slide__sub-text-desc{color:#09141f;font-family:YS Text;font-size:16px;font-weight:400;line-height:20px}.b-dialog-bottom-slide__sub-text-title+.b-dialog-bottom-slide__sub-text-desc{margin-top:2px}.b-dialog-bottom-slide__ads{display:none;margin:24px 16px 0}.b-dialog-bottom-slide__single-banner{height:300px;padding:0;position:relative;text-align:center;width:100%}@media screen and (max-height:670px){.b-dialog-bottom-slide__single-banner{height:250px}}@media screen and (max-height:570px){.b-dialog-bottom-slide__single-banner{height:200px}}@media screen and (max-height:520px){.b-dialog-bottom-slide__single-banner{height:170px}}.b-dialog-bottom-slide__single-banner .b-dialog-bottom-slide__banner-img{left:50%;max-height:100%;max-width:100%;position:absolute;top:50%;transform:translate(-50%,-50%);width:auto}.b-dialog-bottom-slide__primary-control{margin-top:24px;width:100%}.b-dialog-bottom-slide__secondary-control{margin-top:16px;width:100%}.b-dialog-bottom-slide__disclaimer{color:#9ca3ab;font-family:YS Text;font-size:11px;font-weight:400;line-height:14px;margin:20px 16px 0;text-align:center}.b-dialog-bottom-slide__view{padding:0 16px}</style><style nonce="">.b-modal-is-style-loaded{color:rgba(0,250,154,0)}</style><style nonce="">.b-bottom-slide{z-index:2000}.b-bottom-slide-is-style-loaded{color:rgba(0,250,154,0)}.b-bottom-slide__history{height:100%}.b-bottom-slide [data-sub-pages]{left:100vw;position:absolute;top:0;z-index:2000}.b-bottom-slide [data-sub-pages],.b-bottom-slide [data-sub-pages]>[data-page]{height:auto;position:absolute;width:100%}.b-bottom-slide__page_turning_in{transform:translateX(-100vw)}.b-bottom-slide__window{-webkit-overflow-scrolling:touch;-ms-scroll-chaining:none;height:100%;left:0;overscroll-behavior:none;position:fixed;top:100%;transform:translateZ(0);width:100%;will-change:transform;z-index:2000}.b-bottom-slide__title{tap-highlight-color:transparent}.b-bottom-slide__view{overflow:hidden;position:relative;transform:translateZ(0)}.b-bottom-slide__content{height:100%;position:relative}.b-bottom-slide__overlay{height:100%;left:0;opacity:0;position:fixed;top:0;visibility:hidden;width:100%;z-index:2000}.b-bottom-slide__trigger{height:1px;width:100%}.b-bottom-slide_opened_true .b-bottom-slide__overlay{visibility:visible}.b-bottom-slide-fullscreen-moving-true .b-bottom-slide__view{pointer-events:auto}.b-bottom-slide_events_false .b-bottom-slide__overlay{pointer-events:none}.b-bottom-slide_stick_false .b-bottom-slide__overlay,.b-bottom-slide_stick_false .b-bottom-slide__window{transition:none}.b-bottom-slide_height-mode_content .b-bottom-slide__view{height:auto}.b-bottom-slide__page{position:relative}.b-bottom-slide__history:after{background:no-repeat 50%;background-size:cover;content:"";display:none;height:64px;left:50%;margin-left:-32px;margin-top:-32px;position:absolute;top:50%;width:64px;z-index:2001}.b-bottom-slide [data-content]{transform:translateZ(0);transition:opacity .3s ease-out}.b-bottom-slide_progress_true .b-bottom-slide__history:after{-webkit-animation:rotate 1s linear infinite;animation:rotate 1s linear infinite;display:block}.b-bottom-slide_progress_true [data-content]{opacity:0;transition:none}.b-bottom-slide__history{overflow:hidden;position:relative}.b-bottom-slide_opened_false .b-bottom-slide__toggler-stripe{visibility:hidden}.b-bottom-slide_hidden_true{transition:visibility .1s .3s;visibility:hidden}.b-bottom-slide_hidden_true .b-bottom-slide__overlay{opacity:0;transition:opacity .15s,visibility .15s;visibility:hidden}.b-bottom-slide__window{background-color:#fff;transition:transform .15s cubic-bezier(0,0,.64,1.1)}.b-bottom-slide_top-border-radius_s .b-bottom-slide__window{border-top-left-radius:10px;border-top-right-radius:10px}.b-bottom-slide_top-border-radius_m .b-bottom-slide__window{border-top-left-radius:16px;border-top-right-radius:16px}.b-bottom-slide__header,.b-bottom-slide__toggler-stripe{border-top-left-radius:inherit;border-top-right-radius:inherit}.b-bottom-slide__toggler-stripe{background-color:#fff;display:flex;height:24px;justify-content:center;width:100%}.b-bottom-slide__view{box-sizing:border-box;height:100%;width:100%}.b-bottom-slide__content{overflow:hidden;transform:translateZ(0);width:100%}.b-bottom-slide__overlay{background-color:#09141f;transition:opacity .3s}.b-bottom-slide__toggler{background-color:#fff;border-radius:100px;height:4px;left:50%;position:absolute;top:-8px;transform:translateX(-50%);width:40px}.b-bottom-slide_dynamic-toggler_true .b-bottom-slide__toggler{background-color:rgba(48,64,80,.6)}.b-bottom-slide_dynamic-toggler_true.b-bottom-slide_events_false .b-bottom-slide__toggler{background-color:unset;background-position:50%;background-repeat:no-repeat;height:10px;top:-16px;width:28px}.b-bottom-slide__page_below_true{opacity:0;pointer-events:none;transform:translateX(-10%)}.b-bottom-slide__page_turning_in{display:block;opacity:1}.b-bottom-slide [data-sub-pages] .b-bottom-slide__page_below_true{pointer-events:none;transform:translateX(-110vw)}.b-bottom-slide [data-title].b-bottom-slide__title_in-view_false{background-color:#fff;border-bottom-color:#f3f4f4;position:-webkit-sticky;position:sticky;top:-1px;z-index:2000}.b-bottom-slide [data-page=index] [data-title].b-bottom-slide__title_in-view_false{font-family:YS Text;font-size:18px;font-weight:400;line-height:28px}.b-bottom-slide_opened_false .b-bottom-slide__toggler{visibility:hidden}.b-bottom-slide-fullscreen-moving-true{pointer-events:none}.b-bottom-slide [data-page=index] [data-title]{font-family:YS Text;font-size:32px;font-weight:700;line-height:36px;margin-bottom:18px}.b-bottom-slide [data-page]{background-color:#fff;overflow:auto;transition:transform .15s cubic-bezier(0,0,.64,1.1),opacity .15s cubic-bezier(0,0,.64,1.1)}.b-bottom-slide_content-offset_true [data-page]{padding-bottom:20px}.b-bottom-slide [data-title]{align-items:center;border-bottom:1px solid transparent;display:flex;font-family:YS Text;font-size:18px;font-weight:400;height:44px;justify-content:flex-start;line-height:28px;transition:background-color .15s cubic-bezier(0,0,.64,1.1),border-bottom-color .15s cubic-bezier(0,0,.64,1.1);-webkit-user-select:none;-moz-user-select:none;-ms-user-select:none;user-select:none;width:100%}.b-bottom-slide__history:after{background-image:url(https://yastatic.net/s3/edadeal-public-static/frontend/touch/289d362b134311/ES2018/touch_ES2018_assets/528723a93a794331abe0b496de5437fd.png)}.b-bottom-slide_dynamic-toggler_true.b-bottom-slide_events_false .b-bottom-slide__toggler{background-image:url("data:image/svg+xml,%3csvg width='28' height='10' fill='none' xmlns='http://www.w3.org/2000/svg'%3e%3cpath d='M2.743 9.856a2 2 0 0 1-1.485-3.713l12-6a2 2 0 0 1 1.485 0l12 6a2 2 0 1 1-1.486 3.713L14 4.154 2.743 9.856Z' fill='%23304050' fill-opacity='.6'/%3e%3c/svg%3e")}</style><style nonce="">.b-dialog-window{display:none}.b-dialog-window-is-style-loaded{color:rgba(0,250,154,0)}.b-dialog-window__img-container{align-items:center;display:flex;justify-content:center}.b-dialog-window__img{height:138px;width:168px}.b-dialog-window_hide-image_true .b-dialog-window__img{display:none}.b-dialog-window_has-ads_true .b-dialog-window__ads{display:block}.b-dialog-window__title{font-family:YS Text;font-size:22px;font-weight:700;line-height:26px;text-align:center}.b-dialog-window__img-container+.b-dialog-window__title{margin-top:24px}.b-dialog-window_hide-image_true .b-dialog-window__title{margin-top:0}.b-dialog-window__text{font-family:YS Text;font-size:16px;font-weight:400;line-height:20px;margin-top:12px;text-align:center}.b-dialog-window__sub-text{margin-top:18px;text-align:center}.b-dialog-window__sub-text-title{color:#9ca3ab;font-family:YS Text;font-size:13px;font-weight:400;line-height:16px}.b-dialog-window__sub-text-desc{color:#09141f;font-family:YS Text;font-size:16px;font-weight:400;line-height:20px}.b-dialog-window__sub-text-title+.b-dialog-window__sub-text-desc{margin-top:2px}.b-dialog-window__ads{display:none;margin:24px 16px 0}.b-dialog-window__single-banner{height:300px;padding:0;position:relative;text-align:center;width:100%}@media screen and (max-height:670px){.b-dialog-window__single-banner{height:250px}}@media screen and (max-height:570px){.b-dialog-window__single-banner{height:200px}}@media screen and (max-height:520px){.b-dialog-window__single-banner{height:170px}}.b-dialog-window__single-banner .b-dialog-window__banner-img{left:50%;max-height:100%;max-width:100%;position:absolute;top:50%;transform:translate(-50%,-50%);width:auto}.b-dialog-window__primary-control{margin-top:24px;width:100%}.b-dialog-window__secondary-control{margin-top:16px;width:100%}.b-dialog-window__disclaimer{color:#9ca3ab;font-family:YS Text;font-size:11px;font-weight:400;line-height:14px;margin:20px 16px 0;text-align:center}.b-dialog-window__wrapper{width:100%}.b-dialog-window__wrapper,.b-dialog-window_opened_true{align-items:center;display:flex;flex-direction:column;justify-content:center}.b-dialog-window_opened_true{background-color:#f3f4f4;height:100%;left:0;padding:16px;position:fixed;top:0;width:100vw;z-index:1000}</style><style nonce="">.p-srch-retailer{display:flex;flex-direction:column;min-height:100vh}.p-srch-retailer-is-style-loaded{color:rgba(0,250,154,0)}.p-srch-retailer_hidden_true{display:none}.p-srch-retailer__wall-wrapper{display:flex;flex:1 1 auto;flex-direction:column;margin-top:2px}.p-srch-retailer__card:not(:last-child){margin-bottom:2px}.p-srch-retailer__page-offline-stub{display:none}.p-srch-retailer__offline-stub-img{height:120px;margin-bottom:24px;width:120px}.p-srch-retailer__offline-stub{display:flex;flex-direction:column;flex-grow:1;justify-content:center}.p-srch-retailer__offline-stub_from-top_true{margin-top:40px}.p-srch-retailer__version{color:#9ca3ab;font-size:10px;margin-top:-12px;text-align:center}.p-srch-retailer__single-banner{padding:0}.p-srch-retailer__card-ads,.p-srch-retailer__carousel-banner{margin:0}.p-srch-retailer [data-ads-slot]>:not(:first-child){margin-top:12px}.p-srch-retailer .g-rtb__page_name_p-srch-index,.p-srch-retailer .g-rtb__page_name_p-srch-offer,.p-srch-retailer .g-rtb__page_name_p-srch-retailer{margin-top:2px}.p-srch-retailer__blank-stub{display:none;flex-grow:1}.p-srch-retailer__blank-stub_top_true{margin-top:24px}.p-srch-retailer__blank-stub-img{background-position:50%;background-repeat:no-repeat;background-size:contain;height:196px;margin-bottom:24px;width:360px}.p-srch-retailer__blank-stub-content-wrap,.p-srch-retailer__blank-stub-main-content{align-items:center;display:flex;flex-direction:column}.p-srch-retailer__blank-stub-main-content{padding:0 16px;width:100%}.p-srch-retailer__blank-stub-title{font-family:YS Text;font-size:22px;font-weight:700;line-height:26px;margin-bottom:8px;max-width:295px;text-align:center}.p-srch-retailer__blank-stub-text{color:#9ca3ab;font-family:YS Text;font-size:14px;font-weight:700;line-height:18px;padding-bottom:24px;text-align:center}.p-srch-retailer__blank-stub-text_border-bottom_true{border-bottom:1px solid #d8dbde}.p-srch-retailer__blank-stub-button{margin-top:24px}.p-srch-retailer_main-feed-empty_true .p-srch-retailer__blank-stub_source_main-feed{display:flex;flex-direction:column;justify-content:center}.p-srch-retailer__alco-disclaimer{margin:2px 0;width:100%}.p-srch-retailer__alco-disclaimer_source_main-feed{display:none}.p-srch-retailer_main-feed-show-disclaimer_true .p-srch-retailer__alco-disclaimer_source_main-feed{display:block}.p-srch-retailer_main-feed-show-disclaimer_true .p-srch-retailer__alco-disclaimer_source_main-feed+.p-srch-retailer__offer-wall{margin-top:0}.p-srch-retailer__header-side-controls{align-items:center;display:flex}.p-srch-retailer__header-control+.p-srch-retailer__header-control{margin-left:16px}.p-srch-retailer__header-control-icon_type_geolocation,.p-srch-retailer__header-control-icon_type_scan,.p-srch-retailer__header-control-icon_type_search{background:no-repeat 50%;height:24px;width:24px}.p-srch-retailer__offer-wall{margin-top:2px}.p-srch-retailer__offer-wall:not(:empty){margin-bottom:12px;overflow:hidden}.p-srch-retailer__offer-wall_slider_true .p-srch-retailer__wall-container{white-space:nowrap;width:auto}.p-srch-retailer__offer-wall_slider_true .p-srch-retailer__wall-container:empty~.p-srch-retailer__offer-wall_slider_true .p-srch-retailer__loader{margin-left:16px}.p-srch-retailer__offer-wall_slider_true .p-srch-retailer__wall-wrapper{-webkit-overflow-scrolling:touch;display:flex;height:calc(100% + 25px);overflow:scroll;position:relative;width:100%}.p-srch-retailer__offer-wall_slider_true .p-srch-retailer__slider{overflow:hidden}.p-srch-retailer__offer-wall_slider_true .p-srch-retailer__wall-tombstones{white-space:nowrap}.p-srch-retailer__offer-wall_slider_true .p-srch-retailer__wall-tombstones>div{display:inline-block}.p-srch-retailer__offer-wall_slider_true .p-srch-retailer__wall-loader{white-space:nowrap}.p-srch-retailer__offer-wall_slider_true .p-srch-retailer__skeleton{display:inline-block;margin-left:16px}.p-srch-retailer__offer-wall_slider_true .p-srch-retailer__skeleton:first-child{margin-left:0}.p-srch-retailer__offer-wall_slider_true .p-srch-retailer__skeleton:last-child{margin-right:16px}.p-srch-retailer__offer-wall_slider_true .p-srch-retailer__card{display:inline-block;margin-left:16px;vertical-align:top}.p-srch-retailer__load-more-container{background-color:#fff;margin-top:3px;padding:16px}.p-srch-retailer__feed-title-content{display:flex}.p-srch-retailer__feed-title-content,.p-srch-retailer__feed-title-text{align-items:center;overflow:hidden;text-overflow:ellipsis;white-space:nowrap}.p-srch-retailer__feed-title-text{width:100%}.p-srch-retailer__feed-title{align-items:center;background-color:#fff;display:flex;font-family:YS Text;font-size:16px;font-weight:500;justify-content:space-between;line-height:20px;padding:16px 18px;position:-webkit-sticky;position:sticky;width:100%;z-index:2000}.p-srch-retailer__feed-title-icon{background-size:contain;border-radius:12px;flex:1 0 auto;height:24px;margin-right:16px;width:24px}.p-srch-retailer__feed-title-pin{background:no-repeat 50%;height:24px;width:24px}.p-srch-retailer__feed-empty-stub{align-items:center;background:#fff;display:flex;justify-content:space-between;padding:16px;width:100%}.p-srch-retailer__feed-empty-stub-image{background:no-repeat;background-position:50%;background-size:contain;flex:1 0 auto;height:86px;margin-right:16px;width:88px}.p-srch-retailer__feed-empty-stub-text{font-family:YS Text;font-size:14px;font-weight:400;line-height:20px;text-align:center}.p-srch-retailer__segment-switch-container{display:flex;flex:1 1 auto;min-height:100%}.p-srch-retailer__segment-switcher[class]{background:#fff;height:48px;margin-bottom:12px;overflow:hidden;padding-top:12px}.p-srch-retailer__float{align-items:center;background:#fff;display:flex;overflow:auto;position:relative}.p-srch-retailer__segment-switcher-wrapper{max-width:100%;overflow:hidden}.p-srch-retailer__menu{background:#fff;display:none;flex:0 0 32px;left:0;margin-right:-8px;padding-left:16px;padding-right:2px;padding-top:4px;position:-webkit-sticky;position:sticky;z-index:2}.p-srch-retailer__menu:after{background-color:#fff;box-shadow:0 0 6px 6px #fff;content:"";display:block;height:100%;left:100%;position:absolute;z-index:-1}.p-srch-retailer__menu_show_true{align-items:center;display:flex;flex-direction:column;justify-content:center}.p-srch-retailer__menu-button{border-radius:12px;height:32px;padding:0;width:32px}.p-srch-retailer__menu-icon{align-items:center;display:flex;flex-direction:column;justify-content:center}.p-srch-retailer__menu-icon:before{background:no-repeat 50%;content:"";display:block;height:24px;width:24px}.p-srch-retailer_main-feed-offline_true .p-srch-retailer__page-offline-stub{display:block}.p-srch-retailer__shops-pre-icon{align-self:center;background:no-repeat 50%;height:16px;margin-right:4px;width:16px}.p-srch-retailer__offer-wall-header{align-items:center;background-color:#fff;display:flex;justify-content:center;margin-top:12px}.p-srch-retailer .p-srch-retailer__favorite-toggle_checked_true,.p-srch-retailer__favorite-toggle{background:no-repeat 50%;height:24px;width:24px}.p-srch-retailer__setting-control{align-items:center;display:flex;flex:1 1 50%;justify-content:center;opacity:1;padding:10px 0;position:relative;transition:opacity .1s ease-out}.p-srch-retailer__setting-control+.p-srch-retailer__setting-control:before{background-color:#f3f4f4;content:"";display:block;height:20px;left:0;position:absolute;width:2px}.p-srch-retailer__shop-info-wrapper:empty,.p-srch-retailer_main-feed-empty_true .p-srch-retailer__offer-wall-header,.p-srch-retailer_main-feed-empty_true .p-srch-retailer__segment-switch-sticky,.p-srch-retailer_main-feed-empty_true .p-srch-retailer__wall-wrapper{display:none}.p-srch-retailer__shop-info{background-color:#fff;padding:8px 16px 4px}.p-srch-retailer__shop-address{font-family:YS Text;font-size:14px;font-weight:400;line-height:18px}.p-srch-retailer__shop-additional{color:#9ca3ab;font-family:YS Text;font-size:13px;font-weight:400;line-height:16px;margin-top:4px}.p-srch-retailer__segment-switch-second .p-srch-retailer__segment-switcher{height:36px;margin-bottom:0;padding-top:0}.p-srch-retailer__subscribe-plank{margin:20px 10px}.p-srch-retailer__sort-wrapper{padding-bottom:16px}.p-srch-retailer__sort{align-items:center;background-color:#fff;border-radius:41px;box-shadow:0 0 8px rgba(9,20,31,.12),0 6px 8px rgba(9,20,31,.12);display:flex;font-family:YS Text;font-size:14px;font-weight:500;height:38px;justify-content:center;line-height:20px;padding:0 12px 0 16px}.p-srch-retailer__sort-icon{background:no-repeat 50%;height:16px;margin-left:4px;width:16px}.p-srch-retailer__blank-stub-img{background-image:url(https://yastatic.net/s3/edadeal-public-static/frontend/touch/289d362b134311/ES2018/touch_ES2018_assets/8184f734f8b6986132197ee39dacb759.svg)}.p-srch-retailer__header-control-icon_type_search{background-image:url("data:image/svg+xml,%3csvg width='24' height='24' fill='none' xmlns='http://www.w3.org/2000/svg'%3e%3cpath fill-rule='evenodd' clip-rule='evenodd' d='M9.5 18c1.71 0 3.287-.573 4.55-1.537l4.743 4.744a1 1 0 1 0 1.414-1.414l-4.744-4.744A7.5 7.5 0 1 0 9.5 18Zm5.5-7.5a5.5 5.5 0 1 1-11 0 5.5 5.5 0 0 1 11 0Z' fill='%2309141F'/%3e%3c/svg%3e")}.p-srch-retailer__header-control-icon_type_scan{background-image:url("data:image/svg+xml,%3csvg width='24' height='24' fill='none' xmlns='http://www.w3.org/2000/svg'%3e%3cpath fill-rule='evenodd' clip-rule='evenodd' d='M19.5 9.005a1.5 1.5 0 0 0 1.5-1.5V4.5A1.5 1.5 0 0 0 19.5 3h-3A1.5 1.5 0 0 0 15 4.5v3.005a1.5 1.5 0 0 0 1.5 1.5h3ZM19 5v2.005h-2V5h2ZM9 7.5V4.504a1.5 1.5 0 0 0-1.498-1.5l-3-.004A1.5 1.5 0 0 0 3 4.5v3A1.5 1.5 0 0 0 4.5 9h3A1.5 1.5 0 0 0 9 7.5ZM5 7V5l2 .002V7H5Zm4 11.5H7v.5H5v-.5H3v1A1.5 1.5 0 0 0 4.5 21h3A1.5 1.5 0 0 0 9 19.5v-1Zm-.134-6H3.134A1 1 0 0 1 4 11h4a1 1 0 0 1 .866 1.5Zm2.247 0A1.058 1.058 0 0 1 11 12V4a1 1 0 0 1 2 0v8a.995.995 0 0 1-.134.5h-1.753Zm9.753 0H15V12a1 1 0 0 1 1-1h4a1 1 0 0 1 .866 1.5ZM19 18.5h2v1a1.5 1.5 0 0 1-1.498 1.5l-3.5.005a1.001 1.001 0 0 1-.71-1.706 1 1 0 0 1 .707-.294L19 19v-.5Zm-8 0h2V20a1 1 0 0 1-2 0v-1.5Z' fill='%2309141F'/%3e%3cpath d='M22 14.5H2a1 1 0 1 0 0 2h20a1 1 0 1 0 0-2Z' fill='%2327AE61'/%3e%3c/svg%3e")}.p-srch-retailer__header-control-icon_type_geolocation{background-image:url("data:image/svg+xml,%3csvg width='24' height='24' fill='none' xmlns='http://www.w3.org/2000/svg'%3e%3cpath fill-rule='evenodd' clip-rule='evenodd' d='M12 22c5.523 0 10-4.477 10-10S17.523 2 12 2 2 6.477 2 12s4.477 10 10 10Zm0-2a8 8 0 1 0 0-16 8 8 0 0 0 0 16Zm-.121-3.778c.192.705 1.178.746 1.428.059l2.644-7.27a.75.75 0 0 0-.961-.962l-7.27 2.644c-.688.25-.647 1.236.058 1.428L11 13l.879 3.222Z' fill='%23000'/%3e%3c/svg%3e")}.p-srch-retailer__feed-title-pin{background-image:url(https://yastatic.net/s3/edadeal-public-static/frontend/touch/289d362b134311/ES2018/touch_ES2018_assets/60e8b4d679062e9cdfe23d1593854f52.svg)}.p-srch-retailer__feed-empty-stub-image{background-image:url(https://yastatic.net/s3/edadeal-public-static/frontend/touch/289d362b134311/ES2018/touch_ES2018_assets/de72b3bb0949aa208b8e540bfea69318.svg)}.p-srch-retailer__menu-icon:before{background-image:url("data:image/svg+xml,%3csvg width='24' height='24' fill='none' xmlns='http://www.w3.org/2000/svg'%3e%3cpath d='M5.5 7a.5.5 0 0 1 .5-.5h12a.5.5 0 0 1 0 1H6a.5.5 0 0 1-.5-.5Zm0 5a.5.5 0 0 1 .5-.5h7.333a.5.5 0 1 1 0 1H6a.5.5 0 0 1-.5-.5Zm0 5a.5.5 0 0 1 .5-.5h10.133a.5.5 0 1 1 0 1H6a.5.5 0 0 1-.5-.5Z' fill='%2309141F' stroke='%2309141F'/%3e%3c/svg%3e")}.p-srch-retailer__shops-pre-icon{background-image:url("data:image/svg+xml,%3csvg width='16' height='16' fill='none' xmlns='http://www.w3.org/2000/svg'%3e%3cpath fill-rule='evenodd' clip-rule='evenodd' d='M2.5 6.75C2.5 3.85 4.963 1.5 8 1.5s5.5 2.351 5.5 5.25c0 2.065-1.25 3.852-3.066 4.709-1.187.588-1.883 1.203-2.125 1.845-.044.117-.18.196-.309.196-.13 0-.266-.079-.31-.197-.243-.64-.936-1.256-2.124-1.844C3.75 10.6 2.5 8.815 2.5 6.749ZM8 8.25c.868 0 1.572-.672 1.572-1.5 0-.83-.704-1.5-1.572-1.5-.868 0-1.572.671-1.572 1.5S7.132 8.25 8 8.25Z' fill='%2309141F'/%3e%3c/svg%3e")}.p-srch-retailer__favorite-toggle{background-image:url("data:image/svg+xml,%3csvg width='24' height='24' fill='none' xmlns='http://www.w3.org/2000/svg'%3e%3cpath fill-rule='evenodd' clip-rule='evenodd' d='M2 8.979c0 3.84 3.103 7.808 9.5 11.903.246.157.754.157 1 0 6.397-4.095 9.5-8.063 9.5-11.903 0-6.686-7.85-7.756-10-3.253C9.85 1.223 2 2.293 2 8.98Zm10 9.82C7 15.5 4 12.15 4 9 4 6 6 5 7.5 5c1.791 0 2.713 1.38 3.399 2.408.406.608.73 1.092 1.101 1.092.366 0 .665-.469 1.044-1.063C13.701 6.407 14.598 5 16.5 5 18 5 20 6.287 20 9c0 5-8 9.8-8 9.8Z' fill='%2309141F'/%3e%3c/svg%3e")}.p-srch-retailer .p-srch-retailer__favorite-toggle_checked_true{background-image:url("data:image/svg+xml,%3csvg width='24' height='24' fill='none' xmlns='http://www.w3.org/2000/svg'%3e%3cpath d='M11.5 20.882C5.103 16.787 2 12.819 2 8.979c0-6.686 7.85-7.756 10-3.253 2.15-4.503 10-3.433 10 3.253 0 3.84-3.103 7.808-9.5 11.903-.246.157-.754.157-1 0Z' fill='%23F55'/%3e%3c/svg%3e")}.p-srch-retailer__sort-icon{background-image:url("data:image/svg+xml,%3csvg width='16' height='16' fill='none' xmlns='http://www.w3.org/2000/svg'%3e%3cpath d='m7.998 9.334 4.793-4.79a1 1 0 1 1 1.414 1.415l-5.5 5.497a1 1 0 0 1-1.414 0l-5.5-5.497a1 1 0 1 1 1.414-1.414l4.793 4.79Z' fill='%2309141F'/%3e%3c/svg%3e")}</style><style nonce="">.b-header{background:#fff;color:#09141f}.b-header-is-style-loaded{color:rgba(0,250,154,0)}.b-header__container{align-items:center;display:flex;height:100%;width:100%}.b-header__left,.b-header__right{flex:0 0 auto;font-size:0}.b-header__center{flex:1 1 auto;overflow:hidden}.b-header__icon{font-size:24px}.b-header_bg_false{background:transparent;color:#fff}.b-header_edge_true{box-shadow:0 1px 0 #d8dbde}.b-header_animated_true{transition:background-color .1s cubic-bezier(.5,.5,.1,1),box-shadow .3s cubic-bezier(.5,.5,.1,1)}.b-header_height_standard{height:56px}.b-header_padding_true .b-header__container{padding:0 16px}.b-header_color_current .b-header__icon{color:currentColor}.b-header_center-slot_false .b-header__center{visibility:hidden}.b-back-header{background:#fff;color:#09141f}.b-back-header-is-style-loaded{color:rgba(0,250,154,0)}.b-back-header__container{align-items:center;display:flex;height:100%;width:100%}.b-back-header__left,.b-back-header__right{flex:0 0 auto;font-size:0}.b-back-header__center{flex:1 1 auto;overflow:hidden}.b-back-header__icon{font-size:24px}.b-back-header_bg_false{background:transparent;color:#fff}.b-back-header_edge_true{box-shadow:0 1px 0 #d8dbde}.b-back-header_animated_true{transition:background-color .1s cubic-bezier(.5,.5,.1,1),box-shadow .3s cubic-bezier(.5,.5,.1,1)}.b-back-header_height_standard{height:56px}.b-back-header_padding_true .b-back-header__container{padding:0 16px}.b-back-header_color_current .b-back-header__icon{color:currentColor}.b-back-header_center-slot_false .b-back-header__center{visibility:hidden}.b-back-header__title{color:#09141f;font-family:YS Text;font-size:18px;font-weight:500;line-height:28px;margin:0 16px;overflow:hidden;text-overflow:ellipsis;white-space:nowrap}.b-back-header_color_current .b-back-header__right-container,.b-back-header_color_current .b-back-header__title{color:currentColor}.b-back-header_border_true{border-bottom:1px solid #d8dbde}.b-back-header_title-size_l .b-back-header__title{font-family:YS Text;font-size:22px;font-weight:700;line-height:26px}</style><style nonce=""></style><style nonce=""></style><style nonce=""></style><style nonce="">.b-srch-list-container{background-color:#fff;border-radius:24px;width:100%}.b-srch-list-container-is-style-loaded{color:rgba(0,250,154,0)}.b-srch-list-container__header{align-items:center;display:flex;height:32px;justify-content:space-between}.b-srch-list-container__title{color:#09141f;font-family:YS Text;font-size:20px;font-weight:700;line-height:24px}.b-srch-list-container__header-wrapper:not(:last-child),.b-srch-list-container__item:not(:last-child){border-bottom:1px solid #eef0f1}.b-srch-list-container__content{list-style-type:none;margin:0;padding:0}.b-srch-list-container__header-wrapper,.b-srch-list-container_padding_true.b-srch-list-container_header-padding_true .b-srch-list-container{padding:14px 16px 10px}.b-srch-list-container__header-wrapper__title,.b-srch-list-container_padding_true.b-srch-list-container_header-padding_true .b-srch-list-container__title{padding-left:4px}.b-srch-list-container_padding_true.b-srch-list-container_content-padding_true .b-srch-list-container__content{padding:0 16px}.b-srch-list-container_padding_true.b-srch-list-container_content-padding_true .b-srch-list-container__content:first-child{padding-top:2px}.b-srch-list-container_padding_true.b-srch-list-container_content-padding_true .b-srch-list-container__content:last-child{padding-bottom:2px}.b-srch-list-container_padding_true.b-srch-list-container_item-padding_true .b-srch-list-container__item{padding:16px 0}</style><style nonce="">.b-srch-subscribe-is-style-loaded{color:rgba(0,250,154,0)}.b-srch-subscribe_redesign_false{align-items:center;border:1px solid #d8dbde;border-radius:16px;display:flex;padding:16px}.b-srch-subscribe_exterior_bell,.b-srch-subscribe_exterior_checkbox{border:0;padding:0}.b-srch-subscribe_exterior_radio{border:0}.b-srch-subscribe_exterior_plank.b-srch-subscribe_has-description_true{align-items:flex-start}.b-srch-subscribe_exterior_plank.b-srch-subscribe_has-description_true .b-srch-subscribe__control{margin-top:8px}.b-srch-subscribe__title{font-family:YS Text;font-size:16px;font-weight:400;line-height:20px;width:calc(100% - 12px)}.b-srch-subscribe__switch{height:24px;width:40px}.b-srch-subscribe__icon{background:no-repeat 50%;height:24px;width:24px}.b-srch-subscribe__icon-wrapper{align-items:center;background-color:#fff;border-radius:50%;display:flex;flex-shrink:0;height:40px;justify-content:center;margin-right:16px;width:40px}.b-srch-subscribe__control{height:24px;margin-left:auto;min-width:40px;position:relative;width:40px}.b-srch-subscribe__loader{display:none;height:24px;left:calc(50% - 12px);position:absolute;top:calc(50% - 12px);width:24px}.b-srch-subscribe__description{color:#9ca3ab;font-family:YS Text;font-size:13px;font-weight:500;line-height:16px;margin-top:8px}.b-srch-subscribe__radio-title{flex:1}.b-srch-subscribe__wrapper{margin-left:auto}.b-srch-subscribe[placement=offer-wall]{margin:20px 16px}.b-srch-subscribe_exterior_radio .b-srch-subscribe__loader{margin-left:-7px}.b-srch-subscribe_exterior_radio.b-srch-subscribe_subscribed_true{pointer-events:none}.b-srch-subscribe_exterior_plank.b-srch-subscribe_has-data_false .b-srch-subscribe__loader{display:block}.b-srch-subscribe_exterior_plank.b-srch-subscribe_has-data_false .b-srch-subscribe__switch{display:none}.b-srch-subscribe_subscribed_false .b-srch-subscribe__bell,.b-srch-subscribe_subscribed_true .b-srch-subscribe__bell{background:no-repeat 50%;height:24px;width:24px}.b-srch-subscribe_subscription-progress_true .b-srch-subscribe__loader{display:block}.b-srch-subscribe_subscription-progress_true .b-srch-subscribe__switch{display:none;pointer-events:none}.b-srch-subscribe_subscription-progress_true .b-srch-subscribe__bell{background:no-repeat 50%;height:24px;opacity:.5;pointer-events:none;width:24px}.b-srch-subscribe_exterior_radio .b-srch-subscribe__wrapper{display:flex;width:100%}.b-srch-subscribe_redesign_true .b-srch-subscribe__body{align-items:center;display:flex}.b-srch-subscribe_redesign_true .b-srch-subscribe__icon-wrapper{background-color:rgba(255,0,0,.12);margin-right:12px}.b-srch-subscribe_redesign_true .b-srch-subscribe__icon{background:no-repeat 50%;height:24px;transform:scale(.833333333333333);width:24px}.b-srch-subscribe_redesign_true .b-srch-subscribe__info{color:#9ca3ab;font-family:YS Text;font-size:16px;font-weight:400;line-height:20px}.b-srch-subscribe_redesign_true .b-srch-subscribe__control{height:24px}.b-srch-subscribe_redesign_true.b-srch-subscribe_subscribed_true .b-srch-subscribe__icon{background:no-repeat 50%;height:24px;width:24px}.b-srch-subscribe__icon,.b-srch-subscribe_subscription-progress_true .b-srch-subscribe__bell{background-image:url("data:image/svg+xml,%3csvg width='24' height='24' fill='none' xmlns='http://www.w3.org/2000/svg'%3e%3cpath d='M11.5 20.882C5.103 16.787 2 12.819 2 8.979c0-6.686 7.85-7.756 10-3.253 2.15-4.503 10-3.433 10 3.253 0 3.84-3.103 7.808-9.5 11.903-.246.157-.754.157-1 0Z' fill='%23C3C8CC'/%3e%3c/svg%3e")}.b-srch-subscribe_subscribed_true .b-srch-subscribe__bell{background-image:url("data:image/svg+xml,%3csvg width='24' height='24' fill='none' xmlns='http://www.w3.org/2000/svg'%3e%3cpath d='M11.5 20.882C5.103 16.787 2 12.819 2 8.979c0-6.686 7.85-7.756 10-3.253 2.15-4.503 10-3.433 10 3.253 0 3.84-3.103 7.808-9.5 11.903-.246.157-.754.157-1 0Z' fill='%23F55'/%3e%3c/svg%3e")}.b-srch-subscribe_subscribed_false .b-srch-subscribe__bell{background-image:url("data:image/svg+xml,%3csvg width='24' height='24' fill='none' xmlns='http://www.w3.org/2000/svg'%3e%3cpath fill-rule='evenodd' clip-rule='evenodd' d='M2 8.979c0 3.84 3.103 7.808 9.5 11.903.246.157.754.157 1 0 6.397-4.095 9.5-8.063 9.5-11.903 0-6.686-7.85-7.756-10-3.253C9.85 1.223 2 2.293 2 8.98Zm10 9.82C7 15.5 4 12.15 4 9 4 6 6 5 7.5 5c1.791 0 2.713 1.38 3.399 2.408.406.608.73 1.092 1.101 1.092.366 0 .665-.469 1.044-1.063C13.701 6.407 14.598 5 16.5 5 18 5 20 6.287 20 9c0 5-8 9.8-8 9.8Z' fill='%2309141F'/%3e%3c/svg%3e")}.b-srch-subscribe_redesign_true .b-srch-subscribe__icon{background-image:url("data:image/svg+xml,%3csvg width='24' height='24' fill='%23f00' xmlns='http://www.w3.org/2000/svg'%3e%3cpath fill-rule='evenodd' clip-rule='evenodd' d='M2 8.979c0 3.84 3.103 7.808 9.5 11.903.246.157.754.157 1 0 6.397-4.095 9.5-8.063 9.5-11.903 0-6.686-7.85-7.756-10-3.253C9.85 1.223 2 2.293 2 8.98Zm10 9.82C7 15.5 4 12.15 4 9 4 6 6 5 7.5 5c1.791 0 2.713 1.38 3.399 2.408.406.608.73 1.092 1.101 1.092.366 0 .665-.469 1.044-1.063C13.701 6.407 14.598 5 16.5 5 18 5 20 6.287 20 9c0 5-8 9.8-8 9.8Z' fill='%23f00' /%3e%3c/svg%3e")}.b-srch-subscribe_redesign_true.b-srch-subscribe_subscribed_true .b-srch-subscribe__icon{background-image:url("data:image/svg+xml,%3csvg width='24' height='24' fill='%23f00' xmlns='http://www.w3.org/2000/svg'%3e%3cpath d='M11.5 20.882C5.103 16.787 2 12.819 2 8.979c0-6.686 7.85-7.756 10-3.253 2.15-4.503 10-3.433 10 3.253 0 3.84-3.103 7.808-9.5 11.903-.246.157-.754.157-1 0Z' fill='%23f00' /%3e%3c/svg%3e")}</style><style nonce="">.b-checkbox{contain:paint;position:relative}.b-checkbox-is-style-loaded{color:rgba(0,250,154,0)}.b-checkbox_disabled_true{cursor:default}.b-checkbox_disabled_true .b-checkbox__over-wrapper{display:block}.b-checkbox_hidden_true{display:none}.b-checkbox__hidden-input{padding:0;width:0}.b-checkbox__wrapper{cursor:pointer;display:flex}.b-checkbox__checkbox{cursor:pointer;display:block}.b-checkbox__label{-webkit-user-select:none;-moz-user-select:none;-ms-user-select:none;user-select:none}.b-checkbox__hidden-input{opacity:0;position:absolute;z-index:-1}.b-checkbox__checkbox{align-items:center;display:flex;justify-content:center}.b-checkbox__wrapper{align-items:center}.b-checkbox__check{background:no-repeat 50%;display:none;height:16px;width:16px}.b-checkbox .b-checkbox__label{font-family:YS Text;font-size:16px;font-weight:400;line-height:20px}.b-checkbox.b-checkbox_checked_true .b-checkbox__checkbox{background-color:#27ae61;border:2px solid #27ae61;border-radius:8px;height:24px;width:24px}.b-checkbox.b-checkbox_checked_true .b-checkbox__check{color:#fff}.b-checkbox .b-checkbox__checkbox{background-color:#fff;border:2px solid #ddd;border-radius:8px;height:24px;width:24px}.b-checkbox .b-checkbox__label{color:#09141f;margin-left:8px}.b-checkbox .b-checkbox__check{display:none}.b-checkbox.b-checkbox_checked_true .b-checkbox__check{display:block}.b-checkbox_exterior_switch.b-checkbox_checked_true .b-checkbox__checkbox{background-color:#27ae61;border:2px solid #27ae61;border-radius:100px;height:22px;width:40px}.b-checkbox_exterior_switch.b-checkbox_checked_true .b-checkbox__check{border-radius:100%;color:#fff;height:18px;transform:translateX(18px);width:18px}.b-checkbox_exterior_switch .b-checkbox__checkbox{background-color:#ddd;border:2px solid #ddd;border-radius:100px;height:22px;width:40px}.b-checkbox_exterior_switch .b-checkbox__check{background-color:#fff;border-radius:100%;color:#fff;height:18px;width:18px}.b-checkbox_exterior_switch .b-checkbox__label{color:#09141f}.b-checkbox_exterior_switch .b-checkbox__check{display:none}.b-checkbox_exterior_switch.b-checkbox_checked_true .b-checkbox__check{display:block}.b-checkbox_exterior_switch .b-checkbox__check{background-image:none;display:block;transition:transform .15s ease-in}.b-checkbox_exterior_switch .b-checkbox__checkbox{align-items:flex-start;display:flex;justify-content:flex-start;transition:background-color .15s ease-in,border-color .15s ease-in}.b-checkbox_show-error_true .b-checkbox__checkbox{border-color:#f55}.b-checkbox_exterior_switch .b-checkbox__checkbox{height:24px}.b-checkbox_exterior_switch .b-checkbox__check{height:20px;width:20px}.b-checkbox_exterior_switch.b-checkbox_checked_true .b-checkbox__check{transform:translateX(16px)}.b-checkbox__check{background-image:url("data:image/svg+xml,%3csvg width='16' height='16' fill='none' xmlns='http://www.w3.org/2000/svg'%3e%3cpath d='M12.838 5.577a.939.939 0 0 0-1.327-1.327L6.418 9.343 4.492 7.418a.939.939 0 0 0-1.327 1.327l2.585 2.584a.939.939 0 0 0 1.282.043.947.947 0 0 0 .096-.084l5.71-5.71Z' fill='%23fff'/%3e%3c/svg%3e")}</style><style nonce="">.b-srch-card{display:flex;flex-direction:column;position:relative}.b-srch-card__like-badge{height:24px;margin-right:16px;position:relative;width:24px}.b-srch-card__like-filled-icon,.b-srch-card__like-icon{background:no-repeat 50%;height:24px;width:24px}.b-srch-card__like-filled-icon{left:0;position:absolute;top:0}.b-srch-card_with-like_true.b-srch-card_view_default .b-srch-card__badge{padding:4px 0}.b-srch-card_with-like_true.b-srch-card_view_default .b-srch-card__body>:last-child{margin-right:64px}.b-srch-card_liked_false .b-srch-card__like-filled-icon,.b-srch-card_liked_true .b-srch-card__like-icon{display:none}.b-srch-card-is-style-loaded{color:rgba(0,250,154,0)}.b-srch-card:empty{display:none}.b-srch-card__title{-webkit-box-orient:vertical;-webkit-line-clamp:2;display:-webkit-box;font-family:YS Text;font-size:16px;font-weight:400;line-height:20px;max-width:100%;overflow:hidden}.b-srch-card__info,.b-srch-card__title{text-align:left}.b-srch-card__date,.b-srch-card__info{font-family:YS Text;font-size:13px;font-weight:400;line-height:16px}.b-srch-card__info{color:#9ca3ab}.b-srch-card__item:not(:last-child){margin-bottom:4px}.b-srch-card__price{display:flex;flex-wrap:wrap;max-width:100%}.b-srch-card__price-old{color:#9ca3ab;padding-top:0}.b-srch-card__toggle-elements{align-items:center;display:flex;height:48px;justify-content:center;margin:-16px -16px 0;width:48px}.b-srch-card__to-cash{color:#9ca3ab;font-family:YS Text;font-size:14px;font-weight:400;line-height:20px;margin-left:8px;margin-right:4px}.b-srch-card__shopping-list-control{order:2}.b-srch-card__from-cash{font-family:YS Text;font-size:18px;font-weight:700;line-height:24px;margin-right:4px}.b-srch-card__survey-segment{align-items:center;background-color:#fff;display:flex;justify-content:space-between;padding:0 16px 12px}.b-srch-card__survey-quality{background-color:#fff;margin-top:2px;padding:16px 24px;position:relative}.b-srch-card__survey-quality-actions{display:flex;justify-content:space-between}@media screen and (max-width:360px){.b-srch-card__survey-quality-button{height:50px;width:50px}}.b-srch-card__survey-quality-title{font-family:YS Text;font-size:22px;font-weight:700;line-height:26px;margin-bottom:16px;text-align:center}.b-srch-card__survey-quality-feedback{display:none;left:0;padding:0 16px;position:absolute;top:50%;transform:translateY(-50%);width:100%}.b-srch-card__survey-quality-feedback .b-srch-card__survey-quality-title{margin-bottom:0}.b-srch-card_hide-survey_true .b-srch-card__survey-segment{display:none}.b-srch-card_hide-survey_true .b-srch-card__survey-quality-content{visibility:hidden}.b-srch-card_hide-survey_true .b-srch-card__survey-quality-feedback{display:block}.b-srch-card__question{font-family:YS Text;font-size:14px;font-weight:400;line-height:18px;margin:0 12px;text-align:center}.b-srch-card__main-img{background-blend-mode:darken;background-position:50%;border-radius:8px;overflow:hidden}.b-srch-card__main-img,.b-srch-card__partner-img{background-repeat:no-repeat;background-size:contain}.b-srch-card__partner-img{border-radius:50%}.b-srch-card__discount-label{display:inline-block}.b-srch-card_view_default .b-srch-card{display:flex;flex-direction:column}.b-srch-card_view_default .b-srch-card:empty{display:none}.b-srch-card_view_default .b-srch-card__title{-webkit-box-orient:vertical;-webkit-line-clamp:2;display:-webkit-box;margin-bottom:8px;margin-right:24px;overflow:hidden}.b-srch-card_view_default .b-srch-card__price-new{font-family:YS Text;font-size:18px;font-weight:700;line-height:24px;margin-right:2px}.b-srch-card_view_default .b-srch-card__price-old{font-family:YS Text;font-size:14px;font-weight:400;line-height:18px;padding:0;transform:translateY(-2px)}.b-srch-card_view_default .b-srch-card__to-cash{color:#9ca3ab;font-family:YS Text;font-size:14px;font-weight:400;line-height:18px;margin-left:4px;margin-right:0}.b-srch-card_view_default .b-srch-card__to-cash:first-child{margin-left:0}.b-srch-card_view_default .b-srch-card__to-cash-wrapper{display:inline-block;transform:translateY(-2px)}.b-srch-card_view_default .b-srch-card__from-cash-wrapper{margin-bottom:4px}.b-srch-card_view_default .b-srch-card__created{background-color:#fff;display:block;font-family:YS Text;font-size:16px;font-weight:500;line-height:20px;margin:12px 0 2px;padding:16px;width:100%}.b-srch-card_view_default .b-srch-card__content{background-color:#fff;border-radius:0;display:flex;overflow:unset;padding:12px 16px;position:relative}.b-srch-card_view_default .b-srch-card__card{display:flex;flex-direction:column;justify-content:space-between;width:calc(100% - 132px)}.b-srch-card_view_default .b-srch-card__body{position:relative;width:100%}.b-srch-card_view_default .b-srch-card__body>:last-child{margin-right:24px}.b-srch-card_view_default .b-srch-card__img{height:120px;margin-right:12px;width:120px}.b-srch-card_view_default .b-srch-card__main-img{background-color:rgba(43,159,255,.04);height:120px;width:120px}.b-srch-card_view_default .b-srch-card__partner-img{background-repeat:no-repeat;background-size:contain;border-radius:50%;height:24px;position:absolute;right:16px;top:12px;width:24px}.b-srch-card_view_default .b-srch-card__retailer-name{font-family:YS Text;font-size:13px;font-weight:500;line-height:16px;margin-right:6px;max-width:calc(100vw - 268px);overflow:hidden;text-overflow:ellipsis;white-space:nowrap}.b-srch-card_view_default .b-srch-card__ecom-button .b-tpl-button{margin-right:10px;max-width:-webkit-max-content;max-width:-moz-max-content;max-width:max-content}.b-srch-card_view_default .b-srch-card__ecom-button .b-tpl-button__button{font-family:YS Text;font-size:14px;font-weight:500;line-height:20px}.b-srch-card_view_default .b-srch-card__ecom-button .b-button__value{display:block;overflow:hidden;text-overflow:ellipsis;white-space:nowrap}.b-srch-card_view_default .b-srch-card__date{color:#9ca3ab}.b-srch-card_view_default .b-srch-card__date_feature_true{background-color:#fff8f8;border-radius:8px;color:#f55;padding:4px 8px}.b-srch-card_view_default .b-srch-card__head{align-items:center;display:flex;height:24px;justify-content:space-between;margin-bottom:4px;margin-right:24px}.b-srch-card_view_default .b-srch-card__price{margin-bottom:4px}.b-srch-card_view_default .b-srch-card__info:last-child{line-height:18px;margin-top:4px}.b-srch-card_view_default .b-srch-card__meta-info{display:flex}.b-srch-card_view_default .b-srch-card__meta-info-stores-limited{color:#9ca3ab}.b-srch-card_view_default .b-srch-card__discount-label{display:inline-block;margin-left:4px;margin-right:8px;transform:translateY(-2px)}.b-srch-card_view_default .b-srch-card__toggle-elements{bottom:-6px;height:auto;margin:0;position:absolute;right:-4px;width:auto}.b-srch-card_view_default .b-srch-card__toggle-elements_pos-type_price{bottom:-4px}.b-srch-card_view_default .b-srch-card__toggle-elements_pos-type_ecom{bottom:0}.b-srch-card_view_partner .b-srch-card{width:100%}.b-srch-card_view_partner .b-srch-card__content{display:flex;padding:16px 0}.b-srch-card_view_partner .b-srch-card__img{height:36px;margin-right:12px;width:36px}.b-srch-card_view_partner .b-srch-card__main-img{border-radius:50%;height:36px;width:36px}.b-srch-card_view_partner .b-srch-card__toggle-elements{position:absolute;right:0;top:27px}.b-srch-card_view_partner .b-srch-card__partner-title{font-family:YS Text;font-size:13px;font-weight:400;line-height:16px}.b-srch-card_view_partner .b-srch-card__body-header{display:flex}.b-srch-card_view_partner .b-srch-card__price-new{margin-right:8px}.b-srch-card_view_partner .b-srch-card__price-old{margin-right:8px;padding-left:0;padding-right:0}.b-srch-card_view_partner .b-srch-card__to-cash{margin-left:0}.b-srch-card_view_partner .b-srch-card__price-wrapper{display:flex}.b-srch-card_view_preview{display:block;width:132px}.b-srch-card_size_s.b-srch-card_view_preview{width:112px}.b-srch-card_size_l.b-srch-card_view_preview{width:156px}.b-srch-card_view_preview.b-srch-card_size_m .b-srch-card__image-container{height:132px;width:132px}.b-srch-card_view_preview.b-srch-card_size_m .b-srch-card__main-img{height:116px;width:116px}.b-srch-card_view_preview.b-srch-card_size_s .b-srch-card__image-container{height:112px;width:112px}.b-srch-card_view_preview.b-srch-card_size_s .b-srch-card__main-img{height:96px;width:96px}.b-srch-card_view_preview.b-srch-card_size_l .b-srch-card__image-container{height:156px;width:156px}.b-srch-card_view_preview.b-srch-card_size_l .b-srch-card__main-img{height:140px;width:140px}.b-srch-card_view_preview.b-srch-card:nth-child(n){margin-bottom:16px}.b-srch-card_view_preview .b-srch-card__title{-webkit-box-orient:vertical;-webkit-line-clamp:3;display:-webkit-box;font-family:YS Text;font-size:13px;font-weight:400;line-height:16px;margin-bottom:5px;overflow:hidden}.b-srch-card_view_preview .b-srch-card__title_cutted_true{-webkit-box-orient:vertical;-webkit-line-clamp:2;display:-webkit-box;overflow:hidden}.b-srch-card_view_preview .b-srch-card__image-container{background-color:#f3f4f4;border-radius:18px;height:132px;padding:8px;position:relative;width:132px}.b-srch-card_view_preview .b-srch-card__main-img{border-radius:12px;height:116px;width:116px}.b-srch-card_view_preview .b-srch-card__discount-label{bottom:0;left:0;position:absolute}.b-srch-card_view_preview .b-srch-card__content-container{margin:8px 6px 0}.b-srch-card_view_preview .b-srch-card__info{font-family:YS Text;font-size:11px;font-weight:400;line-height:14px;margin-bottom:5px}.b-srch-card_view_preview .b-srch-card__price-new{margin-right:4px}.b-srch-card_view_preview .b-srch-card__price-old{padding:0}.b-srch-card_view_preview .b-srch-card__ecom-button{margin-top:10px}.b-srch-card_view_preview .b-srch-card__ecom-button .b-tpl-button{align-items:center;display:flex;justify-content:center}.b-srch-card_view_preview .b-srch-card__toggle-elements{background-color:hsla(0,0%,100%,.88);border-radius:12px;height:32px;margin:0;position:absolute;right:8px;top:8px;width:32px}.b-srch-card_view_preview .b-srch-card__card-label{margin-top:5px}.b-srch-card__show-date-false .b-srch-card__head{height:0;margin-bottom:0}.b-srch-card__show-date-false .b-srch-card__title{-webkit-box-orient:vertical;-webkit-line-clamp:3;display:-webkit-box;overflow:hidden}.b-srch-card__ctlg-sub{background-color:#fff;margin-bottom:16px;margin-top:16px}.b-srch-card__ctlg-sub-img-wrapper{align-items:center;background-color:#f3f4f4;display:flex;justify-content:center}.b-srch-card__ctlg-sub-control{pointer-events:none}.b-srch-card__notification-icon{background:no-repeat 50%;height:24px;width:24px}.b-srch-card__helpers{display:none}.b-srch-card__show_date_false:not(.b-srch-card__retailer_name_true) .b-srch-card__head{height:0;margin-bottom:0}.b-srch-card__show_date_false:not(.b-srch-card__retailer_name_true) .b-srch-card__title{-webkit-box-orient:vertical;-webkit-line-clamp:3;display:-webkit-box;overflow:hidden}.b-srch-card__show_date_false .b-srch-card__retailer-name{max-width:none}.b-srch-card__retailer_hide_true .b-srch-card__head,.b-srch-card__retailer_hide_true .b-srch-card__title{margin-right:0}.b-srch-card__nano-cards{margin-top:12px}.b-srch-card__like-icon{background-image:url("data:image/svg+xml,%3csvg width='24' height='24' fill='none' xmlns='http://www.w3.org/2000/svg'%3e%3cpath fill-rule='evenodd' clip-rule='evenodd' d='M21 12c0-1.987-1.163-3.314-3.14-3.314h-2.765c.084-.87.126-1.66.126-2.37 0-1.86-1.715-3.316-3.449-3.316-1.338 0-1.713.767-1.94 2.542-.004.03-.09.722-.119.942a19 19 0 0 1-.173 1.074c-.258 1.34-.936 2.79-1.635 3.639a2.193 2.193 0 0 0-.432-.302c-.386-.206-.837-.316-1.486-.316h-.29c-.649 0-1.1.11-1.485.316-.386.207-.69.51-.896.896-.206.386-.316.836-.316 1.485v5.027c0 .649.11 1.1.316 1.485.207.386.51.69.896.896.386.206.836.316 1.485.316h.29c.649 0 1.1-.11 1.486-.316.222-.12.418-.27.583-.452.66.497 1.591.768 2.827.768H15.1c1.408 0 2.431-.524 3.083-1.409.268-.364.385-.617.565-1.104a.766.766 0 0 1 .153-.203l.197-.199h.001c.128-.128.28-.28.349-.353.306-.328.546-.654.741-1.045.338-.675.384-1.192.32-2.059-.025-.332-.026-.44-.008-.514.032-.137.07-.25.139-.424l.063-.156c.207-.523.297-.92.297-1.534Zm-9.41-5.263c.033-.238.123-.964.121-.955.059-.458.108-.728.16-.883.72.055 1.455.71 1.455 1.417 0 .905-.076 1.972-.23 3.2a.947.947 0 0 0 .94 1.065h3.824c.87 0 1.245.427 1.245 1.419 0 .35-.038.518-.163.835l-.064.158c-.099.25-.164.443-.22.682-.08.337-.08.555-.039 1.095.041.552.021.779-.124 1.07-.106.21-.24.393-.43.597l-.25.251c-.121.122-.25.25-.301.306-.252.27-.428.524-.543.835-.12.327-.182.46-.313.639-.297.403-.755.637-1.558.637h-4.217c-1.737 0-2.195-.538-2.195-1.895v-4.12c1.242-1.046 2.329-3.18 2.713-5.174.074-.383.133-.76.19-1.179Zm-6.485 5.83c.11-.06.263-.093.592-.093h.29c.33 0 .482.033.592.092a.26.26 0 0 1 .118.118c.059.11.092.263.092.592v5.027c0 .329-.033.482-.092.592a.26.26 0 0 1-.118.118c-.11.059-.263.092-.592.092h-.29c-.329 0-.482-.033-.592-.092a.26.26 0 0 1-.118-.118c-.059-.11-.092-.263-.092-.592v-5.027c0-.33.033-.482.092-.592a.26.26 0 0 1 .118-.118Z' fill='%2309141F'/%3e%3c/svg%3e")}.b-srch-card__like-filled-icon{background-image:url("data:image/svg+xml,%3csvg width='24' height='24' fill='none' xmlns='http://www.w3.org/2000/svg'%3e%3cpath fill-rule='evenodd' clip-rule='evenodd' d='M14.9 5.5C14.9 4 13.418 3 12.26 3c-.806 0-.869.612-.993 1.82-.055.53-.121 1.174-.267 1.93-.386 2.002-1.72 4.56-2.996 5.325V18C8 20.25 8.75 21 12 21h3.773c2.176 0 2.703-1.433 2.899-1.964l.013-.036c.114-.306.358-.547.638-.82.31-.306.664-.653.927-1.18.311-.623.27-1.177.233-1.67-.023-.299-.044-.575.017-.83.064-.27.146-.475.225-.671.143-.356.275-.686.275-1.329 0-1.5-.748-2.498-2.315-2.498H14.5S14.9 7 14.9 5.5ZM4.5 11A1.5 1.5 0 0 0 3 12.5v7a1.5 1.5 0 0 0 3 0v-7A1.5 1.5 0 0 0 4.5 11Z' fill='%23000'/%3e%3c/svg%3e")}.b-srch-card__notification-icon{background-image:url("data:image/svg+xml,%3csvg width='24' height='24' fill='none' xmlns='http://www.w3.org/2000/svg'%3e%3cpath d='M11.5 20.882C5.103 16.787 2 12.819 2 8.979c0-6.686 7.85-7.756 10-3.253 2.15-4.503 10-3.433 10 3.253 0 3.84-3.103 7.808-9.5 11.903-.246.157-.754.157-1 0Z' fill='%23F55'/%3e%3c/svg%3e")}</style><style nonce="">.b-bottom-sticky-is-style-loaded{color:rgba(0,250,154,0)}.b-bottom-sticky__float{bottom:0;left:50%;position:fixed}.b-bottom-sticky_width_full .b-bottom-sticky__float{width:100%}</style><style nonce="">.b-srch-nano-card-list-is-style-loaded{color:rgba(0,250,154,0)}.b-srch-nano-card-list__container{list-style-type:none;padding:0}.b-srch-nano-card-list__item{align-items:center;border-top:1px dashed #d8dbde;display:flex;padding:8px 0 12px}.b-srch-nano-card-list_top-border_false .b-srch-nano-card-list__item:first-child{border-top:none;padding-top:0}.b-srch-nano-card-list_bottom-border_false .b-srch-nano-card-list__item:last-child{padding-bottom:0}.b-srch-nano-card-list_bottom-border_true .b-srch-nano-card-list__item:last-child{border-bottom:1px dashed #d8dbde}.b-srch-nano-card-list__item-description{width:calc(100% - 40px)}.b-srch-nano-card-list__item-partner,.b-srch-nano-card-list__item-price-wrapper{align-items:center;display:flex}.b-srch-nano-card-list__item-partner-title{color:#6a7788;font-family:YS Text;font-size:13px;font-weight:500;line-height:16px;max-width:100%;overflow:hidden;text-overflow:ellipsis;white-space:nowrap}.b-srch-nano-card-list__item-partner-icon{display:block;height:16px;margin-left:6px;-o-object-fit:contain;object-fit:contain;width:16px}.b-srch-nano-card-list__item-labels{margin-top:4px}.b-srch-nano-card-list__item-price-wrapper{flex-wrap:wrap;margin:2px 0 0 -9px}.b-srch-nano-card-list__item-price{margin-left:9px}.b-srch-nano-card-list__item-price_discount-label{font-family:YS Text;font-size:13px;font-weight:500;line-height:16px}.b-srch-nano-card-list__item-price_discount-label,.b-srch-nano-card-list__item-price_old{padding:0}.b-srch-nano-card-list__item-control{align-items:center;display:flex;justify-content:flex-end;margin-left:8px;width:32px}.b-srch-nano-card-list__item-cart-icon{background:no-repeat 50%;background-image:url("data:image/svg+xml,%3csvg width='24' height='24' fill='none' xmlns='http://www.w3.org/2000/svg'%3e%3cpath d='M8 21.5a1 1 0 1 0 0-2 1 1 0 0 0 0 2ZM19 21.5a1 1 0 1 0 0-2 1 1 0 0 0 0 2Z' fill='%2309141F' stroke='%2309141F' stroke-width='1.5' stroke-miterlimit='10' stroke-linecap='square'/%3e%3cpath d='M5.938 5.667h-1v2h1v-2ZM2.5 1a1 1 0 0 0 0 2V1Zm4.298 13.256-.991.129.991-.129Zm-.86-6.59h13.137v-2H5.938v2Zm14.119 1.191-1.034 5.333 1.963.381 1.034-5.333-1.963-.381ZM18.04 15h-9.26v2h9.26v-2Zm-10.25-.872L6.43 3.615l-1.983.257 1.359 10.513 1.983-.257ZM3.455 1H2.5v2h.956V1Zm2.975 2.615A3 3 0 0 0 3.456 1v2a1 1 0 0 1 .992.872l1.983-.257ZM8.781 15a1 1 0 0 1-.99-.872l-1.984.257A3 3 0 0 0 8.782 17v-2Zm10.242-.81a1 1 0 0 1-.982.81v2a3 3 0 0 0 2.945-2.429l-1.963-.38Zm.052-6.523a1 1 0 0 1 .982 1.19l1.963.38a3 3 0 0 0-2.945-3.57v2Z' fill='%2309141F'/%3e%3c/svg%3e");height:24px;width:24px}</style><style nonce="">.b-drugs-disclaimer-is-style-loaded{color:rgba(0,250,154,0)}.b-drugs-disclaimer_padding_true{padding:16px}.b-drugs-disclaimer__info{color:#9ca3ab;font-family:YS Text;font-size:11px;font-weight:400;line-height:14px;margin-top:8px}.b-drugs-disclaimer_font-size_l .b-drugs-disclaimer__info{font-family:YS Text;font-size:13px;font-weight:400;line-height:16px}</style><style nonce="">.b-adult-disclaimer-is-style-loaded{color:rgba(0,250,154,0)}.b-adult-disclaimer__unconfirmed{align-items:center;display:flex}.b-adult-disclaimer_padding_true{padding:16px}.b-adult-disclaimer__img{background-position:50% 50%;background-repeat:no-repeat;background-size:contain;height:120px;margin-right:16px;width:120px}.b-adult-disclaimer__content{flex-grow:1}.b-adult-disclaimer__title-confirmed{font-family:YS Text;font-size:16px;font-weight:500;line-height:20px}.b-adult-disclaimer__info{color:#9ca3ab;font-family:YS Text;font-size:11px;font-weight:400;line-height:14px;margin-top:8px}.b-adult-disclaimer__description{font-family:YS Text;font-size:16px;font-weight:500;line-height:20px;max-width:200px}.b-adult-disclaimer__confirm{margin-top:12px;max-width:150px}.b-adult-disclaimer_font-size_l .b-adult-disclaimer__title-confirmed{font-family:YS Text;font-size:18px;font-weight:500;line-height:24px}.b-adult-disclaimer_font-size_l .b-adult-disclaimer__info{font-family:YS Text;font-size:13px;font-weight:400;line-height:16px}.b-disclaimer_confirmed_true .b-adult-disclaimer__confirmed{display:block}.b-disclaimer_confirmed_false .b-adult-disclaimer__unconfirmed{display:flex}.b-disclaimer_confirmed_false .b-adult-disclaimer__confirmed,.b-disclaimer_confirmed_true .b-adult-disclaimer__unconfirmed{display:none}</style><style nonce="">.b-disclaimer{background-color:#fff}.b-disclaimer-is-style-loaded{color:rgba(0,250,154,0)}</style><style nonce="">.b-shopping-list-badge{align-items:center;box-sizing:border-box;color:#fff;display:inline-flex;justify-content:center;min-width:24px;padding:4px}.b-shopping-list-badge-is-style-loaded{color:rgba(0,250,154,0)}.b-shopping-list-badge__count{background-color:#4d4d4d;border-radius:4px;display:none;font-family:YS Text;font-size:14px;font-weight:500;line-height:18px;padding:2px 8px;text-align:center}.b-shopping-list-badge__count:empty:after{color:#4d4d4d;content:"1"}.b-shopping-list-badge__check{display:none}.b-shopping-list-badge__add-to-list,.b-shopping-list-badge__check{background:no-repeat 50%;height:24px;width:24px}.b-shopping-list-badge_mode_extended .b-shopping-list-badge__toggle-element_checked_true{display:none}.b-shopping-list-badge_mode_simple .b-shopping-list-badge__toggle-element_checked_true .b-shopping-list-badge__check{display:block}.b-shopping-list-badge_mode_simple .b-shopping-list-badge__toggle-element_checked_true .b-shopping-list-badge__add-to-list{display:none}.b-shopping-list-badge_mode_extended .b-shopping-list-badge__toggle-element_checked_true~.b-shopping-list-badge__count{display:block}.b-shopping-list-badge_exterior_plus-round .b-shopping-list-badge__count{border-radius:12px;font-family:YS Text;font-size:13px;font-weight:700;height:32px;line-height:16px;min-width:32px;padding-top:8px}.b-shopping-list-badge__check{background-image:url("data:image/svg+xml,%3csvg width='24' height='24' fill='none' xmlns='http://www.w3.org/2000/svg'%3e%3cpath fill-rule='evenodd' clip-rule='evenodd' d='M11.005 17.017s.167-.198.495-.517c.328-.319 8.147-7.748 8.392-8.018.245-.269.11-.961-.214-1.23-.324-.267-.816-.399-1.265 0-.448.4-7.408 7.343-7.408 7.343s-3.042-3.06-3.417-3.391c-.374-.331-.954-.23-1.335.106s-.265 1.061-.082 1.255c.184.195 4.834 4.452 4.834 4.452Z' fill='%2309141F'/%3e%3c/svg%3e")}.b-shopping-list-badge__add-to-list{background-image:url("data:image/svg+xml,%3csvg width='24' height='24' fill='none' xmlns='http://www.w3.org/2000/svg'%3e%3cpath d='M20 13a1 1 0 1 0 0-2h-7V4a1 1 0 1 0-2 0v7H4a1 1 0 1 0 0 2h7v7a1 1 0 1 0 2 0v-7h7Z' fill='%2309141F'/%3e%3c/svg%3e")}</style><style nonce="">.b-list-is-style-loaded{color:rgba(0,250,154,0)}.b-list_hidden_true{display:none}.b-list_width_full{width:100%}.b-list_width_auto{width:auto}.b-list_width_inherit{width:inherit}.b-list__cell,.b-list__link,.b-list__wrapper{display:flex}.b-list__item,.b-list__link{position:relative}.b-list__item,.b-list__link_progress_true .b-list__link-progress{display:block}.b-list__link-progress,.b-list_hide-labels .b-list__link-value{display:none}.b-nav-panel{background-color:#fff;box-shadow:0 -1px 2px rgba(9,20,31,.06);height:56px;width:100%;z-index:1000}.b-nav-panel-is-style-loaded{color:rgba(0,250,154,0)}.b-nav-panel_hidden_true{display:none}.b-nav-panel_width_full{width:100%}.b-nav-panel_width_auto{width:auto}.b-nav-panel_width_inherit{width:inherit}.b-nav-panel__cell,.b-nav-panel__link,.b-nav-panel__wrapper{display:flex}.b-nav-panel__item,.b-nav-panel__link{position:relative}.b-nav-panel__item,.b-nav-panel__link_progress_true .b-nav-panel__link-progress{display:block}.b-nav-panel__link-progress,.b-nav-panel_hide-labels .b-nav-panel__link-value{display:none}.b-nav-panel_position_bottom,.b-nav-panel_position_top{position:fixed}.b-nav-panel_position_top{top:0}.b-nav-panel_position_bottom{bottom:0}.b-nav-panel__wrapper{height:100%;padding:8px 0}.b-nav-panel__item{flex:1 0 0}.b-nav-panel__link{align-items:center;border:0;display:flex;flex-direction:column;height:100%;justify-content:space-between;width:100%}.b-nav-panel__link_active_true .b-nav-panel__link-value{color:#09141f}.b-nav-panel__link_active_true .b-nav-panel__link-icon_exterior_normal{display:none}.b-nav-panel__link_active_false .b-nav-panel__link-value{color:#9ca3ab}.b-nav-panel__link_active_false .b-nav-panel__link-icon_exterior_selected{display:none}.b-nav-panel__link-icon{order:1}.b-nav-panel__link-value{font-family:YS Text;font-size:11px;font-weight:400;line-height:14px;order:2}</style><style nonce="">.b-popover{background-color:#267af2;border-radius:16px;box-shadow:0 20px 40px rgba(9,20,31,.15);color:#fff;font-family:YS Text;font-size:14px;font-weight:500;line-height:20px;z-index:10}.b-popover-is-style-loaded{color:rgba(0,250,154,0)}.b-popover__root-wrapper{border-radius:inherit;overflow:hidden}.b-popover_opened_false{display:none}.b-popover__before-text:empty{padding-bottom:8px}.b-popover__text{padding:8px 16px}.b-popover__after-text:empty{padding-top:8px}.b-popover__arrow{-webkit-background-clip:text;background-clip:text}.b-popover__arrow,.b-popover__arrow:before{background-color:inherit;height:9px;position:absolute;width:24px}.b-popover__arrow:before{content:"";-webkit-mask:url("data:image/svg+xml,%3csvg xmlns='http://www.w3.org/2000/svg' viewBox='0 0 24 9'%3e%3cpath d='M24 8v1H0V8c6 0 10-3 12-8 2 5 6 8 12 8z'/%3e%3c/svg%3e");mask:url("data:image/svg+xml,%3csvg xmlns='http://www.w3.org/2000/svg' viewBox='0 0 24 9'%3e%3cpath d='M24 8v1H0V8c6 0 10-3 12-8 2 5 6 8 12 8z'/%3e%3c/svg%3e");-webkit-mask-size:cover;mask-size:cover}.b-popover[data-popper-placement^=top]>.b-popover__arrow{bottom:-8px}.b-popover[data-popper-placement^=top]>.b-popover__arrow:before{transform:rotate(180deg)}.b-popover[data-popper-placement^=bottom]>.b-popover__arrow{top:-8px}.b-popover[data-popper-placement^=left]>.b-popover__arrow{height:24px;right:-8px;width:9px}.b-popover[data-popper-placement^=left]>.b-popover__arrow:before{transform:rotate(90deg) translateY(-100%);transform-origin:top left}.b-popover[data-popper-placement^=right]>.b-popover__arrow{height:24px;left:-8px;width:9px}.b-popover[data-popper-placement^=right]>.b-popover__arrow:before{transform:rotate(-90deg) translateX(-100%);transform-origin:top left}</style><style nonce="">.b-fab{-webkit-user-select:none;-moz-user-select:none;-ms-user-select:none;user-select:none}.b-fab-is-style-loaded{color:rgba(0,250,154,0)}.b-fab__wrapper{display:flex;justify-content:center;padding:16px 0}.b-fab__fab{box-shadow:0 0 8px rgba(0,0,0,.12),0 6px 8px rgba(76,88,103,.12);transform:translateY(calc(100% - 16px)) scale(0);transition:transform .2s ease-in-out}.b-fab_hidden_false .b-fab__fab{transform:translateY(0) scale(1)}</style><style nonce="">.b-file-modal-input-is-style-loaded{color:rgba(0,250,154,0)}.b-file-modal-input__file-input{display:none}.b-file-barcode-parser-is-style-loaded{color:rgba(0,250,154,0)}.b-file-barcode-parser__file-input{display:none}.b-file-barcode-parser__photo-upload-progress{font-family:YS Text;font-size:20px;font-weight:700;line-height:24px;padding:8px 32px 32px;text-align:center}.b-file-barcode-parser__photo-upload-progress-bar{background-color:#eef0f1;border-radius:16px;height:8px;margin-top:16px;overflow:hidden}.b-file-barcode-parser__photo-upload-progress-line{background-color:#27ae61;border-radius:16px;height:100%;transition-property:width;transition-timing-function:linear;width:0}</style><script async="" src="https://an.yandex.ru/system/context.js" nonce=""></script><link rel="preconnect" href="https://yastatic.net/"><link rel="preconnect" href="https://avatars.mds.yandex.net/"><link rel="preconnect" href="https://mc.yandex.ru/"><link rel="preconnect" href="https://ads.adfox.ru"><script charset="utf-8" src="https://yastatic.net/partner-code-bundles/625533/b7414de3fe8d89054eed.js" crossorigin="anonymous" importance="high"></script><script charset="utf-8" src="https://yastatic.net/partner-code-bundles/625533/c62b59551ab7eb70d3b2.js" crossorigin="anonymous" importance="high"></script><script async="" crossorigin="anonymous" src="https://yastatic.net/safeframe-bundles/0.83/host.js"></script><script charset="utf-8" src="https://yastatic.net/partner-code-bundles/625533/6d399edff6d2a4ccf715.js" crossorigin="anonymous" importance="high"></script><style id="ysTextCssRule">@font-face {
        font-family: "YS Text Variable";
        src: url("https://yastatic.net/s3/home/fonts/ys/3/text-variable-full.woff2") format("woff2");
        font-weight: 400 700;
        font-display: optional;
    }</style><script charset="utf-8" src="https://yastatic.net/partner-code-bundles/625533/46c824b03f9bca352981.js" crossorigin="anonymous" importance="high"></script><script charset="utf-8" src="https://yastatic.net/partner-code-bundles/625533/b8836b3f571f0cb774bb.js" crossorigin="anonymous" importance="high"></script></head><body><svg xmlns="http://www.w3.org/2000/svg" xmlns:xlink="http://www.w3.org/1999/xlink" style="position: absolute; width: 0; height: 0" aria-hidden="true" id="__SVG_SPRITE_NODE__"><symbol xmlns="http://www.w3.org/2000/svg" fill="none" viewBox="0 0 16 16" id="sort"><path fill-rule="evenodd" clip-rule="evenodd" d="M5.468 7.064c-.996 0-1.558-1.142-.951-1.932l2.532-3.291a1.2 1.2 0 0 1 1.902 0l2.532 3.291c.607.79.044 1.932-.951 1.932H5.468Zm4.86 2c1.08 0 1.689 1.238 1.031 2.093L9.03 14.184a1.3 1.3 0 0 1-2.06 0l-2.33-3.027c-.657-.855-.048-2.093 1.03-2.093h4.659Z" fill="#09141F"></path></symbol><symbol xmlns="http://www.w3.org/2000/svg" fill="none" viewBox="0 0 24 24" id="back"><path fill-rule="evenodd" clip-rule="evenodd" d="M5.072 13c.635.41 1.081.743 1.338 1l3.297 3.293a1 1 0 0 1-1.414 1.414l-6-6a1 1 0 0 1 0-1.414l6-6a1 1 0 0 1 1.414 1.414L6.41 10c-.257.257-.703.59-1.338 1H21a1 1 0 1 1 0 2H5.072Z" fill="currentcolor"></path></symbol></svg><div data-render-counter="1" class="b-bottom-slide b-bottom-slide_opened_false b-bottom-slide_stick_true b-bottom-slide_events_false b-bottom-slide_height-mode_content b-bottom-slide_content-offset_false b-bottom-slide_top-border-radius_s b-bottom-slide_dynamic-toggler_false b-bottom-slide_visible_false i-block-helper uid-631586840118135"><div class="b-bottom-slide__overlay uid-631586840118135"></div> <!----></div><div data-render-counter="1" class="b-bottom-slide b-bottom-slide_stick_true b-bottom-slide_events_false b-bottom-slide_height-mode_full b-bottom-slide_content-offset_false b-bottom-slide_top-border-radius_s b-bottom-slide_dynamic-toggler_false b-bottom-slide_visible_false i-block-helper uid-5565746624719401 b-bottom-slide_opened_true"><div class="b-bottom-slide__overlay uid-5565746624719401" style="opacity: 0.8;"></div> <div class="b-bottom-slide__window uid-5565746624719401" style="transform: translate3d(0px, -540px, 0px); max-height: 540px;"><header class="b-bottom-slide__header uid-5565746624719401"><div class="b-bottom-slide__toggler uid-5565746624719401"></div> <div class="b-bottom-slide__toggler-stripe uid-5565746624719401"></div></header> <div class="b-bottom-slide__view uid-5565746624719401"><div class="b-bottom-slide__content uid-5565746624719401"><div class="b-bottom-slide__history uid-5565746624719401 b-bottom-slide__page" data-page="index" style="max-height: 516px;"><div data-history-trigger="true" style="height: 1px; width: 100%; position: absolute; top: 0px; z-index: -1;"></div><div class="p-root__install-banner-content uid-19328150692438428"><p class="p-root__install-banner-heading uid-19328150692438428">Скидки&nbsp;— под рукой. <br>Установите приложение Едадил  </p><div class="p-root__install-banner-phone p-root__install-banner-phone_type_android-catalogue uid-19328150692438428"></div> <span data-skeleton-marker="true" data-render-counter="1" class="p-root__install-banner-link b-button b-button_rounding_small b-button_size_xl b-button_exterior_primary b-button_opened_false i-block-helper uid-13868106847694106 uid-19328150692438428" data-analytics-id="2" data-analytics-path="button"><span class="b-button__root-wrapper uid-13868106847694106"><a data-hint="" href="https://redirect.appmetrica.yandex.com/serve/674194987897876820?creative=5" class="b-button__button g-hint g-hint_pos_bottom uid-13868106847694106" aria-expanded="false"><span class="b-button__wrapper uid-13868106847694106"><!----><span class="b-button__cell b-button__value uid-13868106847694106">Установить</span><!----> <!----><!----></span></a><!----> <!----></span></span> <div class="p-root__install-banner-close uid-19328150692438428" data-analytics-id="3" data-analytics-path="button">Перейти в мобильную версию</div></div></div></div></div></div></div>  <script type="text/javascript" nonce="">"function"==typeof $__RENDER_ROOT?$__RENDER_ROOT():document.write('<div id="root"></div>'); </script><div id="root-component" data-render-counter="2" class="p-root i-block-helper uid-19328150692438428"><!----> <div class="p-root__root-wrapper page-wrapper uid-19328150692438428"><div class="p-root__view uid-19328150692438428"><div class="p-root__header uid-19328150692438428"></div> <div data-render-counter="1" class="b-dynamic-page i-block-helper uid-7227227580480653 b-dynamic-page_hidden_false"><!----> <!----><main data-render-counter="2" class="b-dynamic-page__component p-srch-retailer p-srch-retailer_progress_false p-srch-retailer_main-feed-empty_false i-block-helper uid-1475983988206273 uid-7227227580480653" data-analytics-id="4" style="min-height: 544px;"><div data-render-counter="2" class="b-ads-builder b-ads-builder_progress_false i-block-helper uid-6907816450078299"></div> <div data-render-counter="1" class="b-sticky i-block-helper uid-30162418724576323 b-sticky_state_settle" undefined="" style="min-height: 56px;"><div class="b-sticky__float uid-30162418724576323"><div data-render-counter="2" class="b-back-header b-back-header_edge_false b-back-header_bg_true b-back-header_animated_true b-back-header_padding_true b-back-header_height_standard b-back-header_center-slot_true b-back-header_title-size_l i-block-helper uid-41271875681295156"><div class="b-back-header__container uid-41271875681295156"><div class="b-back-header__left uid-41271875681295156"><span data-skeleton-marker="true" data-render-counter="0" data-test-ref="back-button" class=" b-back-header__icon b-button b-button_rounding_small b-button_size_m b-button_color_current b-button_exterior_link b-button_opened_false i-block-helper uid-33481925551227376 uid-41271875681295156"><span class="b-button__root-wrapper uid-33481925551227376"><button data-hint="" type="button" class="b-button__button g-hint g-hint_pos_bottom uid-33481925551227376" aria-expanded="false"><span class="b-button__wrapper uid-33481925551227376"><!----><span class="b-button__cell b-button__value uid-33481925551227376"></span><!----> <span class="b-button__cell b-button__icon b-button__post-icon uid-33481925551227376"><svg data-render-counter="0" class="b-icon b-icon_size_auto b-icon_exterior_link i-block-helper uid-6696164493717771"><use data-update-on-id="3227448943894524"></use><use xlink:href="#back" data-tmp=""></use></svg></span><!----></span></button><!----> <!----></span></span></div> <div class="b-back-header__center uid-41271875681295156"><div class="b-back-header__center uid-41271875681295156"><div data-test-ref="title" class="b-back-header__title uid-41271875681295156">Пятёрочка</div></div></div><div class="b-back-header__right uid-41271875681295156"><div class="b-back-header__right-container uid-41271875681295156"><div class="p-srch-retailer__header-side-controls uid-1475983988206273"><!----> <span data-skeleton-marker="true" data-render-counter="0" class=" p-srch-retailer__header-control b-button b-button_rounding_small b-button_size_m b-button_exterior_link b-button_opened_false i-block-helper uid-45602006203359746 uid-1475983988206273"><span class="b-button__root-wrapper uid-45602006203359746"><button data-hint="" type="button" class="b-button__button g-hint g-hint_pos_bottom uid-45602006203359746" aria-expanded="false"><span class="b-button__wrapper uid-45602006203359746"><!----><span class="b-button__cell b-button__value uid-45602006203359746"></span><!----> <span class="b-button__cell b-button__icon b-button__post-icon uid-45602006203359746"><div class="p-srch-retailer__header-control-icon p-srch-retailer__header-control-icon_type_search uid-1475983988206273"></div></span><!----></span></button><!----> <!----></span></span><span data-skeleton-marker="true" data-render-counter="0" class=" p-srch-retailer__header-control b-button b-button_rounding_small b-button_size_m b-button_exterior_link b-button_opened_false i-block-helper uid-5106348234382492 uid-1475983988206273"><span class="b-button__root-wrapper uid-5106348234382492"><button data-hint="" type="button" class="b-button__button g-hint g-hint_pos_bottom uid-5106348234382492" aria-expanded="false"><span class="b-button__wrapper uid-5106348234382492"><!----><span class="b-button__cell b-button__value uid-5106348234382492"></span><!----> <span class="b-button__cell b-button__icon b-button__post-icon uid-5106348234382492"><div class="p-srch-retailer__header-control-icon p-srch-retailer__header-control-icon_type_scan uid-1475983988206273"></div></span><!----></span></button><!----> <!----></span></span></div></div></div></div></div></div></div> <div class="p-srch-retailer__shop-info-outer-wrapper uid-1475983988206273"></div> <div data-render-counter="1" class="p-srch-retailer__segment-switch-sticky b-sticky i-block-helper uid-4271098789798522 b-sticky_state_settle" undefined="" style="min-height: 0px;"><div class="b-sticky__float uid-4271098789798522 p-srch-retailer__float"><div class="p-srch-retailer__menu p-srch-retailer__menu_show_false"><span data-skeleton-marker="true" data-render-counter="0" class=" p-srch-retailer__menu-button b-button b-button_rounding_small b-button_size_m b-button_exterior_outline b-button_opened_false i-block-helper uid-04531536305818262 uid-1475983988206273" data-analytics-id="5" data-analytics-path="button"><span class="b-button__root-wrapper uid-04531536305818262"><button data-hint="" type="button" class="b-button__button g-hint g-hint_pos_bottom uid-04531536305818262" aria-expanded="false"><span class="b-button__wrapper uid-04531536305818262"><!----><span class="b-button__cell b-button__value uid-04531536305818262 p-srch-retailer__menu-icon"></span><!----> <!----><!----></span></button><!----> <!----></span></span></div> <div data-render-counter="2" class="p-srch-retailer__segment-switcher b-cats-list b-cats-list_exterior_ b-cats-list_link-border_false b-cats-list_hidden_true b-cats-list_hide-labels_false b-cats-list_progress_false i-block-helper uid-37525399075923627" data-analytics-id="6" data-analytics-path="TagList"><div class="b-cats-list__root-wrapper uid-37525399075923627"><div class="b-cats-list__content-wrapper b-cats-list__content-wrapper_pinned_true uid-37525399075923627"><ul class="b-cats-list__wrapper b-cats-list__wrapper_pinned_true uid-37525399075923627"></ul></div><div class="b-cats-list__content-wrapper b-cats-list__content-wrapper_pinned_false uid-37525399075923627"><ul class="b-cats-list__wrapper b-cats-list__wrapper_pinned_false uid-37525399075923627" style="transition: transform 0s linear 0s;"><li class="b-cats-list__item uid-37525399075923627"><button aria-selected="true" data-id="0" role="tab" class="g-hint g-hint_pos_bottom uid-37525399075923627 b-cats-list__link b-cats-list__link_id_0 b-cats-list__link_active_true" data-analytics-id="10" data-analytics-path="TagItem"><!----><span class="b-cats-list__cell b-cats-list__link-value uid-37525399075923627">Для вас</span><!----><!----></button></li></ul></div></div></div></div></div> <!----><div class="p-srch-retailer__wall-wrapper uid-1475983988206273"><div class="p-srch-retailer__offer-wall-header p-srch-retailer__offer-wall-header_source_main-feed"><div class="p-srch-retailer__setting-control uid-1475983988206273"><span data-skeleton-marker="true" data-render-counter="0" id="sortOffersButton" class=" p-srch-retailer__sort-button b-button b-button_rounding_small b-button_size_s b-button_exterior_neutral b-button_opened_false i-block-helper uid-9168121604596982" data-analytics-id="7" data-analytics-path="button"><span class="b-button__root-wrapper uid-9168121604596982"><button data-hint="" type="button" class="b-button__button g-hint g-hint_pos_bottom uid-9168121604596982" aria-expanded="false"><span class="b-button__wrapper uid-9168121604596982"><span class="b-button__cell b-button__icon b-button__pre-icon uid-9168121604596982"><svg data-render-counter="0" class="b-icon b-icon_size_auto b-icon_exterior_neutral i-block-helper uid-2055268090642599"><use data-update-on-id="27081654796999466"></use><use xlink:href="#sort" data-tmp=""></use></svg></span><span class="b-button__cell b-button__value uid-9168121604596982">По умолчанию </span><!----> <!----><!----></span></button><!----> <!----></span></span></div></div> <div data-render-counter="2" class="p-srch-retailer__segment-switch-container b-swipe i-block-helper uid-06334540975733782"><div class="b-swipe__wrapper uid-06334540975733782"><div class="b-swipe__content-wrapper uid-06334540975733782"><section class="b-swipe__content uid-06334540975733782"><div class="p-srch-retailer__container uid-1475983988206273"><div data-render-counter="1" class="b-disclaimer b-disclaimer_font-size_m b-disclaimer_padding_true b-disclaimer_stage_adult i-block-helper uid-3394295498107214 uid-1475983988206273 p-srch-retailer__alco-disclaimer p-srch-retailer__alco-disclaimer_source_main-feed b-disclaimer_confirmed_false" data-test-ref="mainFeedDisclaimer" data-analytics-id="9" data-analytics-path="Disclaimer"><div data-render-counter="1" class="b-adult-disclaimer b-adult-disclaimer_font-size_m b-adult-disclaimer_padding_true b-adult-disclaimer_stage_adult i-block-helper uid-3394295498107214"><div class="b-adult-disclaimer__confirmed uid-3394295498107214"><h2 class="b-adult-disclaimer__title-confirmed uid-3394295498107214">В этом списке есть алкогольные товары</h2> <p class="b-adult-disclaimer__info uid-3394295498107214">Чрезмерное употребление алкоголя вредит вашему здоровью. Приобретение алкогольной продукции осуществляется только в торговом зале магазина. <span>Время продажи алкоголя в магазине ограничено и устанавливается магазином согласно требованиям законодательства.</span></p></div> <div class="b-adult-disclaimer__unconfirmed uid-3394295498107214"><div class="b-adult-disclaimer__img uid-3394295498107214" style="background-image: url(&quot;https://yastatic.net/s3/edadeal-public-static/frontend/touch/289d362b134311/ES2018/touch_ES2018_assets/90b76010412f4cfeccc83fffe3e7729a.svg&quot;);"></div> <div class="b-adult-disclaimer__content uid-3394295498107214"><p class="b-adult-disclaimer__description uid-3394295498107214">Алкогольные товары скрыты. Хотите видеть&nbsp;их?  </p><span data-skeleton-marker="true" data-render-counter="0" class=" b-adult-disclaimer__confirm b-button b-button_rounding_small b-button_size_m b-button_exterior_primary b-button_opened_false i-block-helper uid-36084986976349875 uid-3394295498107214" data-analytics-id="8" data-analytics-path="Disclaimer"><span class="b-button__root-wrapper uid-36084986976349875"><button data-hint="" type="button" class="b-button__button g-hint g-hint_pos_bottom uid-36084986976349875" aria-expanded="false"><span class="b-button__wrapper uid-36084986976349875"><!----><span class="b-button__cell b-button__value uid-36084986976349875">Да. Мне есть 18</span><!----> <!----><!----></span></button><!----> <!----></span></span></div></div></div></div>  <div data-ads-slot="false" data-ads-static-slot="" class="p-srch-retailer__ads uid-1475983988206273" data-ads-offset="0"><div data-hash="62ecdire001" data-ads-builder-node=""><div class="g-rtb g-rtb__direct_js g-rtb__page_name_p-srch-retailer" id="id-71016351453343-1"><div style="width: 100%;"></div></div></div></div> <div data-render-counter="2" class="b-virtual-scroll i-block-helper uid-914275841251849 uid-1475983988206273 p-srch-retailer__offer-wall p-srch-retailer__offer-wall_source_main-feed p-srch-retailer__offer-wall_slider_false" data-test-ref="mainFeed" data-ads-consumer="true" data-analytics-id="11"><div class="b-virtual-scroll__wrapper uid-914275841251849 p-srch-retailer__wall-wrapper"><div data-test-ref="container" class="b-virtual-scroll__container uid-914275841251849 p-srch-retailer__wall-container"><div data-analytics-marker="b-srch-card" data-test-ref="b-srch-card" data-render-counter="2" class="b-srch-card b-srch-card_view_default b-srch-card_retailer-icon_true b-srch-card_with-date_false b-srch-card_with-toggle_false b-srch-card_size_l b-srch-card_with-like_false b-srch-card_liked_false i-block-helper uid-6800259413076843 b-virtual-scroll__option-el p-srch-retailer__card" data-analytics-id="12" data-analytics-path="DiscountCard"><div class="b-srch-card__container uid-6800259413076843 b-srch-card__container b-srch-card__container_stage_srch uid-6800259413076843"><!----> <div class="b-srch-card__content uid-6800259413076843 b-srch-card__show b-srch-card__show_date_true b-srch-card__retailer b-srch-card__retailer_name_false b-srch-card__retailer_hide_true uid-6800259413076843"><div class="b-srch-card__img"><img loading="lazy" src="https://leonardo.edadeal.io/dyn/cr/catalyst/offers/ukaendwehwpdoczx6bpniaxu3i.jpg" class="b-srch-card__main-img uid-6800259413076843"> <!----> <!----></div> <div class="b-srch-card__card uid-6800259413076843"><header><div class="b-srch-card__head uid-6800259413076843"><div class="b-srch-card__date-container"><time class="b-srch-card__date uid-6800259413076843 b-srch-card__date b-srch-card__date_feature_false uid-6800259413076843">По 31 авг.</time></div> <!----></div> <div class="b-srch-card__item b-srch-card__title uid-6800259413076843">Пряность Кориандр, целый, Kotanyi, 20 г</div></header> <div class="b-srch-card__body uid-6800259413076843"><div class="b-srch-card__item"><div data-render-counter="2" class=" b-srch-card__price-new b-money b-money_size_s b-money_redesign_false b-money_currency-position_after i-block-helper uid-6438628229686536 uid-6800259413076843"><div class="b-money__root-wrapper uid-6438628229686536"><span data-test-ref="money-base" class="uid-6438628229686536 b-money__baseunit b-money__baseunit_positive-value_true">49</span> <span class="uid-6438628229686536 b-money__comma b-money__comma_positive-value_true">,</span> <span data-test-ref="money-subunit" class="uid-6438628229686536 b-money__subunit b-money__subunit_positive-value_true">99</span> <span data-test-ref="currency" class="b-money__currency uid-6438628229686536">₽</span> <div class="b-money__line uid-6438628229686536"></div></div></div> <div data-render-counter="2" class=" b-srch-card__discount-label b-content-renderer b-content-renderer_direction_column b-content-renderer_space_xl i-block-helper uid-30187344017638296"><div class="b-content-renderer__element uid-30187344017638296"><div data-render-counter="2" class="b-tpl-discount-label b-tpl-discount-label_space_xl i-block-helper uid-30187344017638296"><div class="b-tpl-discount-label__label b-tpl-discount-label__label_exterior_plain">−42% <div class="b-tpl-discount-label__label b-tpl-discount-label__label_display-corner_false"></div></div></div> <!----></div></div><div data-render-counter="2" class=" b-srch-card__price-old b-money b-money_line-through_true b-money_size_s b-money_redesign_false b-money_currency-position_after i-block-helper uid-5735519506408364 uid-6800259413076843"><div class="b-money__root-wrapper uid-5735519506408364"><span data-test-ref="money-base" class="uid-5735519506408364 b-money__baseunit b-money__baseunit_positive-value_true">84</span> <span class="uid-5735519506408364 b-money__comma b-money__comma_positive-value_true">,</span> <span data-test-ref="money-subunit" class="uid-5735519506408364 b-money__subunit b-money__subunit_positive-value_true">99</span> <span data-test-ref="currency" class="b-money__currency uid-5735519506408364">₽</span> <div class="b-money__line uid-5735519506408364"></div></div></div></div> <div class="b-srch-card__item b-srch-card__info uid-6800259413076843"><span>20&nbsp;г&nbsp;• 2499,50&nbsp;₽/кг</span></div> <!----><!----></div><!----></div></div> <!----><!----> <!----></div><div><div class="b-srch-card__ads uid-6800259413076843 p-srch-retailer__card-ads" data-ads-slot="true" data-ads-offset="1"></div></div></div><div data-analytics-marker="b-srch-card" data-test-ref="b-srch-card" data-render-counter="2" class="b-srch-card b-srch-card_view_default b-srch-card_retailer-icon_true b-srch-card_with-date_false b-srch-card_with-toggle_false b-srch-card_size_l b-srch-card_with-like_false b-srch-card_liked_false i-block-helper uid-27038629104886347 b-virtual-scroll__option-el p-srch-retailer__card" data-analytics-id="13" data-analytics-path="DiscountCard"><div class="b-srch-card__container uid-27038629104886347 b-srch-card__container b-srch-card__container_stage_srch uid-27038629104886347"><!----> <div class="b-srch-card__content uid-27038629104886347 b-srch-card__show b-srch-card__show_date_true b-srch-card__retailer b-srch-card__retailer_name_false b-srch-card__retailer_hide_true uid-27038629104886347"><div class="b-srch-card__img"><img loading="lazy" src="https://leonardo.edadeal.io/dyn/cr/catalyst/offers/o5yf7aaupo2nm6cg4x6mq3ylmq.jpg" class="b-srch-card__main-img uid-27038629104886347"> <!----> <!----></div> <div class="b-srch-card__card uid-27038629104886347"><header><div class="b-srch-card__head uid-27038629104886347"><div class="b-srch-card__date-container"><time class="b-srch-card__date uid-27038629104886347 b-srch-card__date b-srch-card__date_feature_false uid-27038629104886347">По 8 авг.</time></div> <!----></div> <div class="b-srch-card__item b-srch-card__title uid-27038629104886347">Шпикачки, домашние, МДБ, 480 г</div></header> <div class="b-srch-card__body uid-27038629104886347"><div class="b-srch-card__item"><div data-render-counter="2" class=" b-srch-card__price-new b-money b-money_size_s b-money_redesign_false b-money_currency-position_after i-block-helper uid-5492842701005731 uid-27038629104886347"><div class="b-money__root-wrapper uid-5492842701005731"><span data-test-ref="money-base" class="uid-5492842701005731 b-money__baseunit b-money__baseunit_positive-value_true">249</span> <span class="uid-5492842701005731 b-money__comma b-money__comma_positive-value_true">,</span> <span data-test-ref="money-subunit" class="uid-5492842701005731 b-money__subunit b-money__subunit_positive-value_true">99</span> <span data-test-ref="currency" class="b-money__currency uid-5492842701005731">₽</span> <div class="b-money__line uid-5492842701005731"></div></div></div> <div data-render-counter="2" class=" b-srch-card__discount-label b-content-renderer b-content-renderer_direction_column b-content-renderer_space_xl i-block-helper uid-16289995848234406"><div class="b-content-renderer__element uid-16289995848234406"><div data-render-counter="2" class="b-tpl-discount-label b-tpl-discount-label_space_xl i-block-helper uid-16289995848234406"><div class="b-tpl-discount-label__label b-tpl-discount-label__label_exterior_plain">−44% <div class="b-tpl-discount-label__label b-tpl-discount-label__label_display-corner_false"></div></div></div> <!----></div></div><div data-render-counter="2" class=" b-srch-card__price-old b-money b-money_line-through_true b-money_size_s b-money_redesign_false b-money_currency-position_after i-block-helper uid-44595621107934935 uid-27038629104886347"><div class="b-money__root-wrapper uid-44595621107934935"><span data-test-ref="money-base" class="uid-44595621107934935 b-money__baseunit b-money__baseunit_positive-value_true">442</span> <span class="uid-44595621107934935 b-money__comma b-money__comma_positive-value_true">,</span> <span data-test-ref="money-subunit" class="uid-44595621107934935 b-money__subunit b-money__subunit_positive-value_true">99</span> <span data-test-ref="currency" class="b-money__currency uid-44595621107934935">₽</span> <div class="b-money__line uid-44595621107934935"></div></div></div></div> <div class="b-srch-card__item b-srch-card__info uid-27038629104886347"><span>480&nbsp;г&nbsp;• 520,81&nbsp;₽/кг</span></div> <!----><!----></div><!----></div></div> <!----><!----> <!----></div><div><div class="b-srch-card__ads uid-27038629104886347 p-srch-retailer__card-ads" data-ads-slot="true" data-ads-offset="2"></div></div></div><div data-analytics-marker="b-srch-card" data-test-ref="b-srch-card" data-render-counter="2" class="b-srch-card b-srch-card_view_default b-srch-card_retailer-icon_true b-srch-card_with-date_false b-srch-card_with-toggle_false b-srch-card_size_l b-srch-card_with-like_false b-srch-card_liked_false i-block-helper uid-7963711695178302 b-virtual-scroll__option-el p-srch-retailer__card" data-analytics-id="14" data-analytics-path="DiscountCard"><div class="b-srch-card__container uid-7963711695178302 b-srch-card__container b-srch-card__container_stage_srch uid-7963711695178302"><!----> <div class="b-srch-card__content uid-7963711695178302 b-srch-card__show b-srch-card__show_date_true b-srch-card__retailer b-srch-card__retailer_name_false b-srch-card__retailer_hide_true uid-7963711695178302"><div class="b-srch-card__img"><img loading="lazy" src="https://leonardo.edadeal.io/dyn/cr/catalyst/offers/uzl66dh5uacjlta7h5btiejdp4.jpg" class="b-srch-card__main-img uid-7963711695178302"> <!----> <!----></div> <div class="b-srch-card__card uid-7963711695178302"><header><div class="b-srch-card__head uid-7963711695178302"><div class="b-srch-card__date-container"><time class="b-srch-card__date uid-7963711695178302 b-srch-card__date b-srch-card__date_feature_false uid-7963711695178302">По 31 авг.</time></div> <!----></div> <div class="b-srch-card__item b-srch-card__title uid-7963711695178302">Конфеты Маска, за 100 г</div></header> <div class="b-srch-card__body uid-7963711695178302"><div class="b-srch-card__item"><div data-render-counter="2" class=" b-srch-card__price-new b-money b-money_size_s b-money_redesign_false b-money_currency-position_after i-block-helper uid-2775205597839967 uid-7963711695178302"><div class="b-money__root-wrapper uid-2775205597839967"><span data-test-ref="money-base" class="uid-2775205597839967 b-money__baseunit b-money__baseunit_positive-value_true">429</span> <span class="uid-2775205597839967 b-money__comma b-money__comma_positive-value_true">,</span> <span data-test-ref="money-subunit" class="uid-2775205597839967 b-money__subunit b-money__subunit_positive-value_true">99</span> <span data-test-ref="currency" class="b-money__currency uid-2775205597839967">₽</span> <div class="b-money__line uid-2775205597839967"></div></div></div> <div data-render-counter="2" class=" b-srch-card__discount-label b-content-renderer b-content-renderer_direction_column b-content-renderer_space_xl i-block-helper uid-8590898574593451"><div class="b-content-renderer__element uid-8590898574593451"><div data-render-counter="2" class="b-tpl-discount-label b-tpl-discount-label_space_xl i-block-helper uid-8590898574593451"><div class="b-tpl-discount-label__label b-tpl-discount-label__label_exterior_plain">−45% <div class="b-tpl-discount-label__label b-tpl-discount-label__label_display-corner_false"></div></div></div> <!----></div></div><div data-render-counter="2" class=" b-srch-card__price-old b-money b-money_line-through_true b-money_size_s b-money_redesign_false b-money_currency-position_after i-block-helper uid-13765940063454174 uid-7963711695178302"><div class="b-money__root-wrapper uid-13765940063454174"><span data-test-ref="money-base" class="uid-13765940063454174 b-money__baseunit b-money__baseunit_positive-value_true">769</span> <span class="uid-13765940063454174 b-money__comma b-money__comma_positive-value_true">,</span> <span data-test-ref="money-subunit" class="uid-13765940063454174 b-money__subunit b-money__subunit_positive-value_true">99</span> <span data-test-ref="currency" class="b-money__currency uid-13765940063454174">₽</span> <div class="b-money__line uid-13765940063454174"></div></div></div></div> <div class="b-srch-card__item b-srch-card__info uid-7963711695178302"><span>100&nbsp;г&nbsp;• 4299,90&nbsp;₽/кг</span></div> <!----><!----></div><!----></div></div> <!----><!----> <!----></div><div><div class="b-srch-card__ads uid-7963711695178302 p-srch-retailer__card-ads" data-ads-slot="true" data-ads-offset="3"></div></div></div><div data-analytics-marker="b-srch-card" data-test-ref="b-srch-card" data-render-counter="2" class="b-srch-card b-srch-card_view_default b-srch-card_retailer-icon_true b-srch-card_with-date_false b-srch-card_with-toggle_false b-srch-card_size_l b-srch-card_with-like_false b-srch-card_liked_false i-block-helper uid-3333538386616819 b-virtual-scroll__option-el p-srch-retailer__card" data-analytics-id="15" data-analytics-path="DiscountCard"><div class="b-srch-card__container uid-3333538386616819 b-srch-card__container b-srch-card__container_stage_srch uid-3333538386616819"><!----> <div class="b-srch-card__content uid-3333538386616819 b-srch-card__show b-srch-card__show_date_true b-srch-card__retailer b-srch-card__retailer_name_false b-srch-card__retailer_hide_true uid-3333538386616819"><div class="b-srch-card__img"><img loading="lazy" src="https://leonardo.edadeal.io/dyn/cr/catalyst/offers/monspp5mvlnnnbbfwvbp5wdg6u.jpg" class="b-srch-card__main-img uid-3333538386616819"> <!----> <!----></div> <div class="b-srch-card__card uid-3333538386616819"><header><div class="b-srch-card__head uid-3333538386616819"><div class="b-srch-card__date-container"><time class="b-srch-card__date uid-3333538386616819 b-srch-card__date b-srch-card__date_feature_false uid-3333538386616819">По 31 авг.</time></div> <!----></div> <div class="b-srch-card__item b-srch-card__title uid-3333538386616819">Конфеты Мишка в лесу, Победа Вкуса, 1 кг</div></header> <div class="b-srch-card__body uid-3333538386616819"><div class="b-srch-card__item"><div data-render-counter="2" class=" b-srch-card__price-new b-money b-money_size_s b-money_redesign_false b-money_currency-position_after i-block-helper uid-7110070291690849 uid-3333538386616819"><div class="b-money__root-wrapper uid-7110070291690849"><span data-test-ref="money-base" class="uid-7110070291690849 b-money__baseunit b-money__baseunit_positive-value_true">519</span> <span class="uid-7110070291690849 b-money__comma b-money__comma_positive-value_true">,</span> <span data-test-ref="money-subunit" class="uid-7110070291690849 b-money__subunit b-money__subunit_positive-value_true">99</span> <span data-test-ref="currency" class="b-money__currency uid-7110070291690849">₽</span> <div class="b-money__line uid-7110070291690849"></div></div></div> <div data-render-counter="2" class=" b-srch-card__discount-label b-content-renderer b-content-renderer_direction_column b-content-renderer_space_xl i-block-helper uid-6152704756009455"><div class="b-content-renderer__element uid-6152704756009455"><div data-render-counter="2" class="b-tpl-discount-label b-tpl-discount-label_space_xl i-block-helper uid-6152704756009455"><div class="b-tpl-discount-label__label b-tpl-discount-label__label_exterior_plain">−34% <div class="b-tpl-discount-label__label b-tpl-discount-label__label_display-corner_false"></div></div></div> <!----></div></div><div data-render-counter="2" class=" b-srch-card__price-old b-money b-money_line-through_true b-money_size_s b-money_redesign_false b-money_currency-position_after i-block-helper uid-7096801481422379 uid-3333538386616819"><div class="b-money__root-wrapper uid-7096801481422379"><span data-test-ref="money-base" class="uid-7096801481422379 b-money__baseunit b-money__baseunit_positive-value_true">778</span> <span class="uid-7096801481422379 b-money__comma b-money__comma_positive-value_true">,</span> <span data-test-ref="money-subunit" class="uid-7096801481422379 b-money__subunit b-money__subunit_positive-value_true">99</span> <span data-test-ref="currency" class="b-money__currency uid-7096801481422379">₽</span> <div class="b-money__line uid-7096801481422379"></div></div></div></div> <div class="b-srch-card__item b-srch-card__info uid-3333538386616819"><span>1&nbsp;кг&nbsp;• 519,99&nbsp;₽/кг</span></div> <!----><!----></div><!----></div></div> <!----><!----> <!----></div><div><div class="b-srch-card__ads uid-3333538386616819 p-srch-retailer__card-ads" data-ads-slot="true" data-ads-offset="4"></div></div></div><div data-analytics-marker="b-srch-card" data-test-ref="b-srch-card" data-render-counter="2" class="b-srch-card b-srch-card_view_default b-srch-card_retailer-icon_true b-srch-card_with-date_false b-srch-card_with-toggle_false b-srch-card_size_l b-srch-card_with-like_false b-srch-card_liked_false i-block-helper uid-09552758141282336 b-virtual-scroll__option-el p-srch-retailer__card" data-analytics-id="16" data-analytics-path="DiscountCard"><div class="b-srch-card__container uid-09552758141282336 b-srch-card__container b-srch-card__container_stage_srch uid-09552758141282336"><!----> <div class="b-srch-card__content uid-09552758141282336 b-srch-card__show b-srch-card__show_date_true b-srch-card__retailer b-srch-card__retailer_name_false b-srch-card__retailer_hide_true uid-09552758141282336"><div class="b-srch-card__img"><img loading="lazy" src="https://leonardo.edadeal.io/dyn/cr/catalyst/offers/25zfk4o6nq3s6chg6t6c3bidhq.jpg" class="b-srch-card__main-img uid-09552758141282336"> <!----> <!----></div> <div class="b-srch-card__card uid-09552758141282336"><header><div class="b-srch-card__head uid-09552758141282336"><div class="b-srch-card__date-container"><time class="b-srch-card__date uid-09552758141282336 b-srch-card__date b-srch-card__date_feature_false uid-09552758141282336">По 31 авг.</time></div> <!----></div> <div class="b-srch-card__item b-srch-card__title uid-09552758141282336">Душистый перец, горошек, Kotanyi, 15 г</div></header> <div class="b-srch-card__body uid-09552758141282336"><div class="b-srch-card__item"><div data-render-counter="2" class=" b-srch-card__price-new b-money b-money_size_s b-money_redesign_false b-money_currency-position_after i-block-helper uid-29142204070459643 uid-09552758141282336"><div class="b-money__root-wrapper uid-29142204070459643"><span data-test-ref="money-base" class="uid-29142204070459643 b-money__baseunit b-money__baseunit_positive-value_true">49</span> <span class="uid-29142204070459643 b-money__comma b-money__comma_positive-value_true">,</span> <span data-test-ref="money-subunit" class="uid-29142204070459643 b-money__subunit b-money__subunit_positive-value_true">99</span> <span data-test-ref="currency" class="b-money__currency uid-29142204070459643">₽</span> <div class="b-money__line uid-29142204070459643"></div></div></div> <div data-render-counter="2" class=" b-srch-card__discount-label b-content-renderer b-content-renderer_direction_column b-content-renderer_space_xl i-block-helper uid-2620673111118552"><div class="b-content-renderer__element uid-2620673111118552"><div data-render-counter="2" class="b-tpl-discount-label b-tpl-discount-label_space_xl i-block-helper uid-2620673111118552"><div class="b-tpl-discount-label__label b-tpl-discount-label__label_exterior_plain">−42% <div class="b-tpl-discount-label__label b-tpl-discount-label__label_display-corner_false"></div></div></div> <!----></div></div><div data-render-counter="2" class=" b-srch-card__price-old b-money b-money_line-through_true b-money_size_s b-money_redesign_false b-money_currency-position_after i-block-helper uid-012738113667634998 uid-09552758141282336"><div class="b-money__root-wrapper uid-012738113667634998"><span data-test-ref="money-base" class="uid-012738113667634998 b-money__baseunit b-money__baseunit_positive-value_true">84</span> <span class="uid-012738113667634998 b-money__comma b-money__comma_positive-value_true">,</span> <span data-test-ref="money-subunit" class="uid-012738113667634998 b-money__subunit b-money__subunit_positive-value_true">99</span> <span data-test-ref="currency" class="b-money__currency uid-012738113667634998">₽</span> <div class="b-money__line uid-012738113667634998"></div></div></div></div> <div class="b-srch-card__item b-srch-card__info uid-09552758141282336"><span>15&nbsp;г&nbsp;• 3332,67&nbsp;₽/кг</span></div> <!----><!----></div><!----></div></div> <!----><!----> <!----></div><div><div class="b-srch-card__ads uid-09552758141282336 p-srch-retailer__card-ads" data-ads-slot="true" data-ads-offset="5"></div></div></div><div data-analytics-marker="b-srch-card" data-test-ref="b-srch-card" data-render-counter="2" class="b-srch-card b-srch-card_view_default b-srch-card_retailer-icon_true b-srch-card_with-date_false b-srch-card_with-toggle_false b-srch-card_size_l b-srch-card_with-like_false b-srch-card_liked_false i-block-helper uid-5507922895545765 b-virtual-scroll__option-el p-srch-retailer__card" data-analytics-id="17" data-analytics-path="DiscountCard"><div class="b-srch-card__container uid-5507922895545765 b-srch-card__container b-srch-card__container_stage_srch uid-5507922895545765"><!----> <div class="b-srch-card__content uid-5507922895545765 b-srch-card__show b-srch-card__show_date_true b-srch-card__retailer b-srch-card__retailer_name_false b-srch-card__retailer_hide_true uid-5507922895545765"><div class="b-srch-card__img"><img loading="lazy" src="https://leonardo.edadeal.io/dyn/cr/catalyst/offers/ukaendwehwpdoczx6bpniaxu3i.jpg" class="b-srch-card__main-img uid-5507922895545765"> <!----> <!----></div> <div class="b-srch-card__card uid-5507922895545765"><header><div class="b-srch-card__head uid-5507922895545765"><div class="b-srch-card__date-container"><time class="b-srch-card__date uid-5507922895545765 b-srch-card__date b-srch-card__date_feature_false uid-5507922895545765">По 31 авг.</time></div> <!----></div> <div class="b-srch-card__item b-srch-card__title uid-5507922895545765">Пряность Кориандр, целый, Kotanyi, 20 г</div></header> <div class="b-srch-card__body uid-5507922895545765"><div class="b-srch-card__item"><div data-render-counter="2" class=" b-srch-card__price-new b-money b-money_size_s b-money_redesign_false b-money_currency-position_after i-block-helper uid-941470903207579 uid-5507922895545765"><div class="b-money__root-wrapper uid-941470903207579"><span data-test-ref="money-base" class="uid-941470903207579 b-money__baseunit b-money__baseunit_positive-value_true">49</span> <span class="uid-941470903207579 b-money__comma b-money__comma_positive-value_true">,</span> <span data-test-ref="money-subunit" class="uid-941470903207579 b-money__subunit b-money__subunit_positive-value_true">99</span> <span data-test-ref="currency" class="b-money__currency uid-941470903207579">₽</span> <div class="b-money__line uid-941470903207579"></div></div></div> <div data-render-counter="2" class=" b-srch-card__discount-label b-content-renderer b-content-renderer_direction_column b-content-renderer_space_xl i-block-helper uid-45981918508842967"><div class="b-content-renderer__element uid-45981918508842967"><div data-render-counter="2" class="b-tpl-discount-label b-tpl-discount-label_space_xl i-block-helper uid-45981918508842967"><div class="b-tpl-discount-label__label b-tpl-discount-label__label_exterior_plain">−42% <div class="b-tpl-discount-label__label b-tpl-discount-label__label_display-corner_false"></div></div></div> <!----></div></div><div data-render-counter="2" class=" b-srch-card__price-old b-money b-money_line-through_true b-money_size_s b-money_redesign_false b-money_currency-position_after i-block-helper uid-1673589564939162 uid-5507922895545765"><div class="b-money__root-wrapper uid-1673589564939162"><span data-test-ref="money-base" class="uid-1673589564939162 b-money__baseunit b-money__baseunit_positive-value_true">84</span> <span class="uid-1673589564939162 b-money__comma b-money__comma_positive-value_true">,</span> <span data-test-ref="money-subunit" class="uid-1673589564939162 b-money__subunit b-money__subunit_positive-value_true">99</span> <span data-test-ref="currency" class="b-money__currency uid-1673589564939162">₽</span> <div class="b-money__line uid-1673589564939162"></div></div></div></div> <div class="b-srch-card__item b-srch-card__info uid-5507922895545765"><span>20&nbsp;г&nbsp;• 2499,50&nbsp;₽/кг</span></div> <!----><!----></div><!----></div></div> <!----><!----> <!----></div><div><div class="b-srch-card__ads uid-5507922895545765 p-srch-retailer__card-ads" data-ads-slot="true" data-ads-offset="6"><div data-hash="62a9Dire601" data-ads-builder-node=""><div class="g-rtb g-rtb__direct_js g-rtb__page_name_p-srch-retailer" id="id-61747263883542-2"><div style="width: 100%;"></div></div></div></div></div></div><div data-analytics-marker="b-srch-card" data-test-ref="b-srch-card" data-render-counter="2" class="b-srch-card b-srch-card_view_default b-srch-card_retailer-icon_true b-srch-card_with-date_false b-srch-card_with-toggle_false b-srch-card_size_l b-srch-card_with-like_false b-srch-card_liked_false i-block-helper uid-6766434844286293 b-virtual-scroll__option-el p-srch-retailer__card" data-analytics-id="18" data-analytics-path="DiscountCard"><div class="b-srch-card__container uid-6766434844286293 b-srch-card__container b-srch-card__container_stage_srch uid-6766434844286293"><!----> <div class="b-srch-card__content uid-6766434844286293 b-srch-card__show b-srch-card__show_date_true b-srch-card__retailer b-srch-card__retailer_name_false b-srch-card__retailer_hide_true uid-6766434844286293"><div class="b-srch-card__img"><img loading="lazy" src="https://leonardo.edadeal.io/dyn/cr/catalyst/offers/o5yf7aaupo2nm6cg4x6mq3ylmq.jpg" class="b-srch-card__main-img uid-6766434844286293"> <!----> <!----></div> <div class="b-srch-card__card uid-6766434844286293"><header><div class="b-srch-card__head uid-6766434844286293"><div class="b-srch-card__date-container"><time class="b-srch-card__date uid-6766434844286293 b-srch-card__date b-srch-card__date_feature_false uid-6766434844286293">По 8 авг.</time></div> <!----></div> <div class="b-srch-card__item b-srch-card__title uid-6766434844286293">Шпикачки, домашние, МДБ, 480 г</div></header> <div class="b-srch-card__body uid-6766434844286293"><div class="b-srch-card__item"><div data-render-counter="2" class=" b-srch-card__price-new b-money b-money_size_s b-money_redesign_false b-money_currency-position_after i-block-helper uid-26588483585604816 uid-6766434844286293"><div class="b-money__root-wrapper uid-26588483585604816"><span data-test-ref="money-base" class="uid-26588483585604816 b-money__baseunit b-money__baseunit_positive-value_true">249</span> <span class="uid-26588483585604816 b-money__comma b-money__comma_positive-value_true">,</span> <span data-test-ref="money-subunit" class="uid-26588483585604816 b-money__subunit b-money__subunit_positive-value_true">99</span> <span data-test-ref="currency" class="b-money__currency uid-26588483585604816">₽</span> <div class="b-money__line uid-26588483585604816"></div></div></div> <div data-render-counter="2" class=" b-srch-card__discount-label b-content-renderer b-content-renderer_direction_column b-content-renderer_space_xl i-block-helper uid-3251693338882444"><div class="b-content-renderer__element uid-3251693338882444"><div data-render-counter="2" class="b-tpl-discount-label b-tpl-discount-label_space_xl i-block-helper uid-3251693338882444"><div class="b-tpl-discount-label__label b-tpl-discount-label__label_exterior_plain">−44% <div class="b-tpl-discount-label__label b-tpl-discount-label__label_display-corner_false"></div></div></div> <!----></div></div><div data-render-counter="2" class=" b-srch-card__price-old b-money b-money_line-through_true b-money_size_s b-money_redesign_false b-money_currency-position_after i-block-helper uid-4980711232325783 uid-6766434844286293"><div class="b-money__root-wrapper uid-4980711232325783"><span data-test-ref="money-base" class="uid-4980711232325783 b-money__baseunit b-money__baseunit_positive-value_true">442</span> <span class="uid-4980711232325783 b-money__comma b-money__comma_positive-value_true">,</span> <span data-test-ref="money-subunit" class="uid-4980711232325783 b-money__subunit b-money__subunit_positive-value_true">99</span> <span data-test-ref="currency" class="b-money__currency uid-4980711232325783">₽</span> <div class="b-money__line uid-4980711232325783"></div></div></div></div> <div class="b-srch-card__item b-srch-card__info uid-6766434844286293"><span>480&nbsp;г&nbsp;• 520,81&nbsp;₽/кг</span></div> <!----><!----></div><!----></div></div> <!----><!----> <!----></div><div><div class="b-srch-card__ads uid-6766434844286293 p-srch-retailer__card-ads" data-ads-slot="true" data-ads-offset="7"></div></div></div><div data-analytics-marker="b-srch-card" data-test-ref="b-srch-card" data-render-counter="2" class="b-srch-card b-srch-card_view_default b-srch-card_retailer-icon_true b-srch-card_with-date_false b-srch-card_with-toggle_false b-srch-card_size_l b-srch-card_with-like_false b-srch-card_liked_false i-block-helper uid-744856067964403 b-virtual-scroll__option-el p-srch-retailer__card" data-analytics-id="19" data-analytics-path="DiscountCard"><div class="b-srch-card__container uid-744856067964403 b-srch-card__container b-srch-card__container_stage_srch uid-744856067964403"><!----> <div class="b-srch-card__content uid-744856067964403 b-srch-card__show b-srch-card__show_date_true b-srch-card__retailer b-srch-card__retailer_name_false b-srch-card__retailer_hide_true uid-744856067964403"><div class="b-srch-card__img"><img loading="lazy" src="https://leonardo.edadeal.io/dyn/cr/catalyst/offers/uzl66dh5uacjlta7h5btiejdp4.jpg" class="b-srch-card__main-img uid-744856067964403"> <!----> <!----></div> <div class="b-srch-card__card uid-744856067964403"><header><div class="b-srch-card__head uid-744856067964403"><div class="b-srch-card__date-container"><time class="b-srch-card__date uid-744856067964403 b-srch-card__date b-srch-card__date_feature_false uid-744856067964403">По 31 авг.</time></div> <!----></div> <div class="b-srch-card__item b-srch-card__title uid-744856067964403">Конфеты Маска, за 100 г</div></header> <div class="b-srch-card__body uid-744856067964403"><div class="b-srch-card__item"><div data-render-counter="2" class=" b-srch-card__price-new b-money b-money_size_s b-money_redesign_false b-money_currency-position_after i-block-helper uid-5019586674528365 uid-744856067964403"><div class="b-money__root-wrapper uid-5019586674528365"><span data-test-ref="money-base" class="uid-5019586674528365 b-money__baseunit b-money__baseunit_positive-value_true">429</span> <span class="uid-5019586674528365 b-money__comma b-money__comma_positive-value_true">,</span> <span data-test-ref="money-subunit" class="uid-5019586674528365 b-money__subunit b-money__subunit_positive-value_true">99</span> <span data-test-ref="currency" class="b-money__currency uid-5019586674528365">₽</span> <div class="b-money__line uid-5019586674528365"></div></div></div> <div data-render-counter="2" class=" b-srch-card__discount-label b-content-renderer b-content-renderer_direction_column b-content-renderer_space_xl i-block-helper uid-6352181791522098"><div class="b-content-renderer__element uid-6352181791522098"><div data-render-counter="2" class="b-tpl-discount-label b-tpl-discount-label_space_xl i-block-helper uid-6352181791522098"><div class="b-tpl-discount-label__label b-tpl-discount-label__label_exterior_plain">−45% <div class="b-tpl-discount-label__label b-tpl-discount-label__label_display-corner_false"></div></div></div> <!----></div></div><div data-render-counter="2" class=" b-srch-card__price-old b-money b-money_line-through_true b-money_size_s b-money_redesign_false b-money_currency-position_after i-block-helper uid-8718098388981781 uid-744856067964403"><div class="b-money__root-wrapper uid-8718098388981781"><span data-test-ref="money-base" class="uid-8718098388981781 b-money__baseunit b-money__baseunit_positive-value_true">769</span> <span class="uid-8718098388981781 b-money__comma b-money__comma_positive-value_true">,</span> <span data-test-ref="money-subunit" class="uid-8718098388981781 b-money__subunit b-money__subunit_positive-value_true">99</span> <span data-test-ref="currency" class="b-money__currency uid-8718098388981781">₽</span> <div class="b-money__line uid-8718098388981781"></div></div></div></div> <div class="b-srch-card__item b-srch-card__info uid-744856067964403"><span>100&nbsp;г&nbsp;• 4299,90&nbsp;₽/кг</span></div> <!----><!----></div><!----></div></div> <!----><!----> <!----></div><div><div class="b-srch-card__ads uid-744856067964403 p-srch-retailer__card-ads" data-ads-slot="true" data-ads-offset="8"></div></div></div><div data-analytics-marker="b-srch-card" data-test-ref="b-srch-card" data-render-counter="2" class="b-srch-card b-srch-card_view_default b-srch-card_retailer-icon_true b-srch-card_with-date_false b-srch-card_with-toggle_false b-srch-card_size_l b-srch-card_with-like_false b-srch-card_liked_false i-block-helper uid-9604231754441386 b-virtual-scroll__option-el p-srch-retailer__card" data-analytics-id="20" data-analytics-path="DiscountCard"><div class="b-srch-card__container uid-9604231754441386 b-srch-card__container b-srch-card__container_stage_srch uid-9604231754441386"><!----> <div class="b-srch-card__content uid-9604231754441386 b-srch-card__show b-srch-card__show_date_true b-srch-card__retailer b-srch-card__retailer_name_false b-srch-card__retailer_hide_true uid-9604231754441386"><div class="b-srch-card__img"><img loading="lazy" src="https://leonardo.edadeal.io/dyn/cr/catalyst/offers/monspp5mvlnnnbbfwvbp5wdg6u.jpg" class="b-srch-card__main-img uid-9604231754441386"> <!----> <!----></div> <div class="b-srch-card__card uid-9604231754441386"><header><div class="b-srch-card__head uid-9604231754441386"><div class="b-srch-card__date-container"><time class="b-srch-card__date uid-9604231754441386 b-srch-card__date b-srch-card__date_feature_false uid-9604231754441386">По 31 авг.</time></div> <!----></div> <div class="b-srch-card__item b-srch-card__title uid-9604231754441386">Конфеты Мишка в лесу, Победа Вкуса, 1 кг</div></header> <div class="b-srch-card__body uid-9604231754441386"><div class="b-srch-card__item"><div data-render-counter="2" class=" b-srch-card__price-new b-money b-money_size_s b-money_redesign_false b-money_currency-position_after i-block-helper uid-7013697990403582 uid-9604231754441386"><div class="b-money__root-wrapper uid-7013697990403582"><span data-test-ref="money-base" class="uid-7013697990403582 b-money__baseunit b-money__baseunit_positive-value_true">519</span> <span class="uid-7013697990403582 b-money__comma b-money__comma_positive-value_true">,</span> <span data-test-ref="money-subunit" class="uid-7013697990403582 b-money__subunit b-money__subunit_positive-value_true">99</span> <span data-test-ref="currency" class="b-money__currency uid-7013697990403582">₽</span> <div class="b-money__line uid-7013697990403582"></div></div></div> <div data-render-counter="2" class=" b-srch-card__discount-label b-content-renderer b-content-renderer_direction_column b-content-renderer_space_xl i-block-helper uid-44137840663081285"><div class="b-content-renderer__element uid-44137840663081285"><div data-render-counter="2" class="b-tpl-discount-label b-tpl-discount-label_space_xl i-block-helper uid-44137840663081285"><div class="b-tpl-discount-label__label b-tpl-discount-label__label_exterior_plain">−34% <div class="b-tpl-discount-label__label b-tpl-discount-label__label_display-corner_false"></div></div></div> <!----></div></div><div data-render-counter="2" class=" b-srch-card__price-old b-money b-money_line-through_true b-money_size_s b-money_redesign_false b-money_currency-position_after i-block-helper uid-4703715718804955 uid-9604231754441386"><div class="b-money__root-wrapper uid-4703715718804955"><span data-test-ref="money-base" class="uid-4703715718804955 b-money__baseunit b-money__baseunit_positive-value_true">778</span> <span class="uid-4703715718804955 b-money__comma b-money__comma_positive-value_true">,</span> <span data-test-ref="money-subunit" class="uid-4703715718804955 b-money__subunit b-money__subunit_positive-value_true">99</span> <span data-test-ref="currency" class="b-money__currency uid-4703715718804955">₽</span> <div class="b-money__line uid-4703715718804955"></div></div></div></div> <div class="b-srch-card__item b-srch-card__info uid-9604231754441386"><span>1&nbsp;кг&nbsp;• 519,99&nbsp;₽/кг</span></div> <!----><!----></div><!----></div></div> <!----><!----> <!----></div><div><div class="b-srch-card__ads uid-9604231754441386 p-srch-retailer__card-ads" data-ads-slot="true" data-ads-offset="9"></div></div></div><div data-analytics-marker="b-srch-card" data-test-ref="b-srch-card" data-render-counter="2" class="b-srch-card b-srch-card_view_default b-srch-card_retailer-icon_true b-srch-card_with-date_false b-srch-card_with-toggle_false b-srch-card_size_l b-srch-card_with-like_false b-srch-card_liked_false i-block-helper uid-7442552699138685 b-virtual-scroll__option-el p-srch-retailer__card" data-analytics-id="21" data-analytics-path="DiscountCard"><div class="b-srch-card__container uid-7442552699138685 b-srch-card__container b-srch-card__container_stage_srch uid-7442552699138685"><!----> <div class="b-srch-card__content uid-7442552699138685 b-srch-card__show b-srch-card__show_date_true b-srch-card__retailer b-srch-card__retailer_name_false b-srch-card__retailer_hide_true uid-7442552699138685"><div class="b-srch-card__img"><img loading="lazy" src="https://leonardo.edadeal.io/dyn/cr/catalyst/offers/25zfk4o6nq3s6chg6t6c3bidhq.jpg" class="b-srch-card__main-img uid-7442552699138685"> <!----> <!----></div> <div class="b-srch-card__card uid-7442552699138685"><header><div class="b-srch-card__head uid-7442552699138685"><div class="b-srch-card__date-container"><time class="b-srch-card__date uid-7442552699138685 b-srch-card__date b-srch-card__date_feature_false uid-7442552699138685">По 31 авг.</time></div> <!----></div> <div class="b-srch-card__item b-srch-card__title uid-7442552699138685">Душистый перец, горошек, Kotanyi, 15 г</div></header> <div class="b-srch-card__body uid-7442552699138685"><div class="b-srch-card__item"><div data-render-counter="2" class=" b-srch-card__price-new b-money b-money_size_s b-money_redesign_false b-money_currency-position_after i-block-helper uid-6593382967466603 uid-7442552699138685"><div class="b-money__root-wrapper uid-6593382967466603"><span data-test-ref="money-base" class="uid-6593382967466603 b-money__baseunit b-money__baseunit_positive-value_true">49</span> <span class="uid-6593382967466603 b-money__comma b-money__comma_positive-value_true">,</span> <span data-test-ref="money-subunit" class="uid-6593382967466603 b-money__subunit b-money__subunit_positive-value_true">99</span> <span data-test-ref="currency" class="b-money__currency uid-6593382967466603">₽</span> <div class="b-money__line uid-6593382967466603"></div></div></div> <div data-render-counter="2" class=" b-srch-card__discount-label b-content-renderer b-content-renderer_direction_column b-content-renderer_space_xl i-block-helper uid-6964673013677025"><div class="b-content-renderer__element uid-6964673013677025"><div data-render-counter="2" class="b-tpl-discount-label b-tpl-discount-label_space_xl i-block-helper uid-6964673013677025"><div class="b-tpl-discount-label__label b-tpl-discount-label__label_exterior_plain">−42% <div class="b-tpl-discount-label__label b-tpl-discount-label__label_display-corner_false"></div></div></div> <!----></div></div><div data-render-counter="2" class=" b-srch-card__price-old b-money b-money_line-through_true b-money_size_s b-money_redesign_false b-money_currency-position_after i-block-helper uid-04764963253366328 uid-7442552699138685"><div class="b-money__root-wrapper uid-04764963253366328"><span data-test-ref="money-base" class="uid-04764963253366328 b-money__baseunit b-money__baseunit_positive-value_true">84</span> <span class="uid-04764963253366328 b-money__comma b-money__comma_positive-value_true">,</span> <span data-test-ref="money-subunit" class="uid-04764963253366328 b-money__subunit b-money__subunit_positive-value_true">99</span> <span data-test-ref="currency" class="b-money__currency uid-04764963253366328">₽</span> <div class="b-money__line uid-04764963253366328"></div></div></div></div> <div class="b-srch-card__item b-srch-card__info uid-7442552699138685"><span>15&nbsp;г&nbsp;• 3332,67&nbsp;₽/кг</span></div> <!----><!----></div><!----></div></div> <!----><!----> <!----></div><div><div class="b-srch-card__ads uid-7442552699138685 p-srch-retailer__card-ads" data-ads-slot="true" data-ads-offset="10"></div></div></div></div> <div class="b-virtual-scroll__tombstones uid-914275841251849 p-srch-retailer__wall-tombstones" style="display: none;"><div class="b-virtual-scroll__tombstone uid-914275841251849"><div data-skeleton-marker="true" class="b-skeleton__default b-skeleton__item b-skeleton__item_shape_rect b-skeleton__item_animation_m b-skeleton__item_size_s" style="width: 100vw; height: 160px; margin: 0px auto 2px; border-radius: 0px;"></div></div><div class="b-virtual-scroll__tombstone uid-914275841251849"><div data-skeleton-marker="true" class="b-skeleton__default b-skeleton__item b-skeleton__item_shape_rect b-skeleton__item_animation_m b-skeleton__item_size_s" style="width: 100vw; height: 160px; margin: 0px auto 2px; border-radius: 0px;"></div></div><div class="b-virtual-scroll__tombstone uid-914275841251849"><div data-skeleton-marker="true" class="b-skeleton__default b-skeleton__item b-skeleton__item_shape_rect b-skeleton__item_animation_m b-skeleton__item_size_s" style="width: 100vw; height: 160px; margin: 0px auto 2px; border-radius: 0px;"></div></div><div class="b-virtual-scroll__tombstone uid-914275841251849"><div data-skeleton-marker="true" class="b-skeleton__default b-skeleton__item b-skeleton__item_shape_rect b-skeleton__item_animation_m b-skeleton__item_size_s" style="width: 100vw; height: 160px; margin: 0px auto 2px; border-radius: 0px;"></div></div></div><!----><!----><!----><!----><!----></div></div></div></section></div></div></div></div> <div undefined="" class="uid-1475983988206273 p-srch-retailer__blank-stub p-srch-retailer__blank-stub_source_main-feed"><div class="p-srch-retailer__blank-stub-content-wrap uid-1475983988206273"><div class="p-srch-retailer__blank-stub-main-content uid-1475983988206273"><!----> <h3 class="p-srch-retailer__blank-stub-title uid-1475983988206273">Каталог ещё не&nbsp;поступил</h3> <!----> <!----></div></div></div> <!----> <!----></main></div> <div class="navbar-placeholder"><div class="navbar-placeholder__body uid-19328150692438428" style="transform: scaleY(56);"></div></div></div> <div data-render-counter="1" class="p-root__page-loader b-loader b-loader_size_m b-loader_animate-display_false i-block-helper uid-11694723258902795 uid-19328150692438428 b-loader_opened_false"><div class="b-loader__container uid-11694723258902795"></div></div> <div> </div><div> <!----><div data-render-counter="1" class="b-fab b-fab_hidden_true i-block-helper uid-46046071635944585"><div data-render-counter="1" class="b-bottom-sticky i-block-helper uid-9546094384471848"><div class="b-bottom-sticky__float uid-9546094384471848" style="transform: translate(-50%, -56px);"></div></div> <div data-render-counter="1" class="b-file-barcode-parser i-block-helper uid-24506530130260162"><input type="file" accept="image/jpeg,image/png,image/gif" class="b-file-barcode-parser__file-input uid-24506530130260162"> <div class="b-file-barcode-parser__upload-progress uid-24506530130260162"></div></div></div></div><div>  <div data-render-counter="2" class="b-nav-panel b-nav-panel_position_bottom b-nav-panel_hidden_false b-nav-panel_hide-labels_false b-nav-panel_progress_false i-block-helper uid-811026901240502"><ul class="b-nav-panel__wrapper uid-811026901240502"><li class="b-nav-panel__item uid-811026901240502"><button value="main" aria-selected="true" data-id="0" role="tab" class="g-hint g-hint_pos_bottom uid-811026901240502 b-nav-panel__link b-nav-panel__link_id_0 b-nav-panel__link_active_true"><!----><span class="b-nav-panel__cell b-nav-panel__link-value uid-811026901240502">Каталоги</span><img src="https://leonardo.edadeal.io/dyn/re/icons/tabbar/v1/catalogs-on.png" width="24" height="24" class="b-nav-panel__link-icon b-nav-panel__link-icon_exterior_selected uid-811026901240502"> <img src="https://leonardo.edadeal.io/dyn/re/icons/tabbar/v1/catalogs-off.png" width="24" height="24" class="b-nav-panel__link-icon b-nav-panel__link-icon_exterior_normal uid-811026901240502"> <!----></button></li><li class="b-nav-panel__item uid-811026901240502"><button value="@edadeal/cb" data-id="1" role="tab" class="g-hint g-hint_pos_bottom uid-811026901240502 b-nav-panel__link b-nav-panel__link_id_1 b-nav-panel__link_active_false"><!----><span class="b-nav-panel__cell b-nav-panel__link-value uid-811026901240502">Кэшбэк</span><img src="https://leonardo.edadeal.io/dyn/re/icons/tabbar/v1/cashback-alt-on.png" width="24" height="24" class="b-nav-panel__link-icon b-nav-panel__link-icon_exterior_selected uid-811026901240502"> <img src="https://leonardo.edadeal.io/dyn/re/icons/tabbar/v1/cashback-alt-off.png" width="24" height="24" class="b-nav-panel__link-icon b-nav-panel__link-icon_exterior_normal uid-811026901240502"> <!----></button></li><li class="b-nav-panel__item uid-811026901240502"><button value="@edadeal/coupons" data-id="2" role="tab" class="g-hint g-hint_pos_bottom uid-811026901240502 b-nav-panel__link b-nav-panel__link_id_2 b-nav-panel__link_active_false"><!----><span class="b-nav-panel__cell b-nav-panel__link-value uid-811026901240502">Купоны</span><img src="https://leonardo.edadeal.io/dyn/re/icons/tabbar/v1/coupons-on.png" width="24" height="24" class="b-nav-panel__link-icon b-nav-panel__link-icon_exterior_selected uid-811026901240502"> <img src="https://leonardo.edadeal.io/dyn/re/icons/tabbar/v1/coupons-off.png" width="24" height="24" class="b-nav-panel__link-icon b-nav-panel__link-icon_exterior_normal uid-811026901240502"> <!----></button></li><li class="b-nav-panel__item uid-811026901240502"><button value="@edadeal/promo" data-id="3" role="tab" class="g-hint g-hint_pos_bottom uid-811026901240502 b-nav-panel__link b-nav-panel__link_id_3 b-nav-panel__link_active_false"><!----><span class="b-nav-panel__cell b-nav-panel__link-value uid-811026901240502">Розыгрыши</span><img src="https://leonardo.edadeal.io/dyn/re/icons/tabbar/v1/promo-on.png" width="24" height="24" class="b-nav-panel__link-icon b-nav-panel__link-icon_exterior_selected uid-811026901240502"> <img src="https://leonardo.edadeal.io/dyn/re/icons/tabbar/v1/promo-off.png" width="24" height="24" class="b-nav-panel__link-icon b-nav-panel__link-icon_exterior_normal uid-811026901240502"> <!----></button></li><li class="b-nav-panel__item uid-811026901240502"><button value="@edadeal/lompakko" data-id="4" role="tab" class="g-hint g-hint_pos_bottom uid-811026901240502 b-nav-panel__link b-nav-panel__link_id_4 b-nav-panel__link_active_false"><!----><span class="b-nav-panel__cell b-nav-panel__link-value uid-811026901240502">Моё</span><img src="https://leonardo.edadeal.io/dyn/re/icons/tabbar/v1/profile-on-straight.png" width="24" height="24" class="b-nav-panel__link-icon b-nav-panel__link-icon_exterior_selected uid-811026901240502"> <img src="https://leonardo.edadeal.io/dyn/re/icons/tabbar/v1/profile-off-straight.png" width="24" height="24" class="b-nav-panel__link-icon b-nav-panel__link-icon_exterior_normal uid-811026901240502"> <!----></button></li></ul></div></div></div><div>  <!----><div data-render-counter="1" class="b-popover b-popover_opened_false i-block-helper uid-9922241607217659"><div class="b-popover__root-wrapper uid-9922241607217659"><div class="b-popover__before-text uid-9922241607217659"></div><!----><div class="b-popover__after-text uid-9922241607217659"></div></div><div data-popper-arrow="" class="b-popover__arrow uid-9922241607217659"></div></div></div><div data-render-counter="1" class="b-router i-block-helper uid-22763143470808944"></div> <div> <!----></div><div> <!----></div><div> <!----><div data-render-counter="1" class="b-modal i-block-helper uid-7299866744149088"><!----> <!----></div></div><div> <!----></div><div data-render-counter="1" class="b-remote-provider i-block-helper uid-19676747036214914"></div> <div data-render-counter="1" class="b-remote-provider i-block-helper uid-9867884453252966"></div></div> <iframe src="https://sso.passport.yandex.ru/pull?origin=https%3A%2F%2Fedadeal.ru%2Fsankt-peterburg%2Fretailers%2F5ka%3Fpage%3D1&amp;uuid=78a6ef61-4c4d-4128-be31-5646e717417c" style="position: absolute; left: -1000px; top: -1000px;"></iframe></body></html><html lang="ru" class="p-root-active-true b-dynamic-page-active-true p-srch-retailer-active-true"><head> <meta charset="utf-8"> <title>Каталог магазина "Пятёрочка" - Акции с 1 августа по 31 августа</title> <link crossorigin="use-credentials" rel="manifest" href="https://edadeal.ru/manifest.json"> <meta name="description" content="Скидки и акции в магазине &quot;Пятёрочка&quot; на сегодня в Санкт-Петербурге. Актуальный каталог скидок c 1&nbsp;августа по 31&nbsp;августа на сайте и в мобильном приложении. Узнайте, где покупать дешевле и экономьте до 50% уже сегодня c Едадил."> <meta name="viewport" content="width=device-width, initial-scale=1.0, viewport-fit=cover, user-scalable=yes"> <meta name="fragment" content="!">  <meta name="google-site-verification" content="5isjz1gObpPn7PREXwtlGeFu6h7rNcYIEvFU6hLeeNI"> <script type="text/javascript" nonce="" async="" src="https://mc.yandex.ru/metrika/watch.js"></script><script type="application/ld+json" nonce="">{ "@context": "http://schema.org", "@type": "WebSite", "name": "Едадил", "alternateName": "Edadeal", "url": "https://edadeal.ru" }</script> <meta name="theme-color" content="#27ae61"> <link rel="icon" type="image/png" sizes="32x32" href="https://yastatic.net/s3/edadeal-public-static/web/app/76e1987d134280/static/img/favicon-32x32.png"><link rel="icon" type="image/png" sizes="96x96" href="https://yastatic.net/s3/edadeal-public-static/web/app/76e1987d134280/static/img/favicon-96x96.png"><link rel="icon" type="image/png" sizes="16x16" href="https://yastatic.net/s3/edadeal-public-static/web/app/76e1987d134280/static/img/favicon-16x16.png"> <link rel="icon" href="https://yastatic.net/s3/edadeal-public-static/web/app/76e1987d134280/static/img/favicon.ico">  <meta property="og:url" content="https://edadeal.ru/sankt-peterburg/retailers/5ka?page=2"><meta property="og:watson" content="https://leonardo.edadeal.io/dyn/re/retailers/images/icons/sq/06c522eb34f54fed99665f69cb0794b7.png?res=l"><meta property="og:type" content="website"><meta property="og:site_name" content="Едадил"><meta property="og:title" content="Каталог магазина &quot;Пятёрочка&quot; - Акции с 1 августа по 31 августа"><meta property="og:image" content="https://yastatic.net/s3/edadeal-public-static/web/app/76e1987d134280/static/img/share_pic.png"><meta property="og:image:width" content="1200"><meta property="og:image:height" content="628"> <meta property="twitter:card" content="summary_large_image"><meta property="twitter:site" content="@edadeal_tw"><meta property="twitter:creator" content="@edadeal_tw"><meta property="twitter:title" content="Каталог магазина &quot;Пятёрочка&quot; - Акции с 1 августа по 31 августа"><meta property="twitter:description" content="Скидки и акции в магазине &quot;Пятёрочка&quot; на сегодня в Санкт-Петербурге. Актуальный каталог скидок c 1&nbsp;августа по 31&nbsp;августа на сайте и в мобильном приложении. Узнайте, где покупать дешевле и экономьте до 50% уже сегодня c Едадил."><meta property="twitter:image" content="https://yastatic.net/s3/edadeal-public-static/web/app/76e1987d134280/static/img/share_pic.png"> <link rel="canonical" href="https://edadeal.ru/sankt-peterburg/retailers/5ka"> <script type="text/javascript" nonce="">!function(n,i){if(n.Ya=n.Ya||{},Ya.Rum)throw new Error("Rum: interface is already defined");var e=n.performance,t=e&&e.timing&&e.timing.navigationStart||Ya.startPageLoad||+new Date,a=n.requestAnimationFrame,s=Ya.Rum={enabled:!!e,vsStart:document.visibilityState,vsChanged:!1,_defTimes:[],_defRes:[],_deltaMarks:{},_markListeners:{},_settings:{},_vars:{},init:function(n,i){s._settings=n,s._vars=i},getTime:e&&e.now?function(){return e.now()}:Date.now?function(){return Date.now()-t}:function(){return new Date-t},time:function(n){s._deltaMarks[n]=[s.getTime()]},timeEnd:function(n,i){var e=s._deltaMarks[n];e&&0!==e.length&&e.push(s.getTime(),i)},sendTimeMark:function(n,i,e,t){void 0===i&&(i=s.getTime()),s._defTimes.push([n,i,t]),s.mark(n,i)},sendDelta:function(n,i,e){var t=s._deltaMarks;if(!t[n]&&void 0!==i){var a=s.getTime();t[n]=[a-i,a,e]}},sendResTiming:function(n,i){s._defRes.push([n,i])},sendRaf:function(n){var i=s.getSetting("forcePaintTimeSending");if(a&&(i||!s.isVisibilityChanged())){var e="2616."+n;a(function(){!i&&s.isVisibilityChanged()||(s.getSetting("sendFirstRaf")&&s.sendTimeMark(e+".205"),a(function(){!i&&s.isVisibilityChanged()||s.sendTimeMark(e+".1928")}))})}},isVisibilityChanged:function(){return s.vsStart&&("visible"!==s.vsStart||s.vsChanged)},mark:e&&e.mark?function(n,i){e.mark(n+(i?": "+i:""))}:function(){},getSetting:function(n){var i=s._settings[n];return null===i?null:i||""},on:function(n,i){"function"==typeof i&&(s._markListeners[n]=s._markListeners[n]||[]).push(i)},sendTrafficData:function(){},finalizeLayoutShiftScore:function(){},finalizeLargestContentfulPaint:function(){},getLCPAdditionalParams:function(){}};document.addEventListener&&document.addEventListener("visibilitychange",function n(){Ya.Rum.vsChanged=!0,document.removeEventListener("visibilitychange",n)})}(window);</script><script type="text/javascript" nonce="">!function(){if(window.PerformanceLongTaskTiming){var e=function(e,n){return(e=e.concat(n)).length>300&&(e=e.slice(e.length-300)),e},n=Ya.Rum._tti={events:[],eventsAfterTTI:[],fired:!1,observer:new PerformanceObserver(function(r){var t=r.getEntries();n.events=e(n.events,t),n.fired&&(n.eventsAfterTTI=e(n.eventsAfterTTI,t))})};n.observer.observe({entryTypes:["longtask"]})}}();</script> <script type="text/javascript" nonce="">var GLOBAL_NONCE = "xLvEl+e74wRyg4RhQtxCIA==";</script> <script type="text/javascript" nonce="">!function(e,t,a){(t[a]=t[a]||[]).push(function(){try{t.yaCounter=new Ya.Metrika({id:34675050,clickmap:!0,trackLinks:!0,accurateTrackBounce:!0,webvisor:!0,trackHash:!0})}catch(e){}});var n=e.getElementsByTagName("script")[0],c=e.createElement("script"),r=function(){n.parentNode.insertBefore(c,n)};c.type="text/javascript","undefined"!=typeof GLOBAL_NONCE&&c.setAttribute("nonce",GLOBAL_NONCE),c.async=!0,c.src="https://mc.yandex.ru/metrika/watch.js","[object Opera]"==t.opera?e.addEventListener("DOMContentLoaded",r,!1):r()}(document,window,"yandex_metrika_callbacks");</script> <!--Global site tag (gtag.js) - AdWords: 942218954 --> <link rel="preconnect" href="https://yastatic.net"><link rel="preconnect" href="https://usr.edadeal.ru"><link rel="preconnect" href="https://api.edadeal.ru"><link rel="preconnect" href="https://teleport.edadeal.ru"><link rel="preconnect" href="https://susanin.edadeal.ru"> <script src="https://sso.edadeal.ru/st/js/v1/mda2.1.min.js" nonce=""></script> <script type="text/javascript" nonce="">var $M=document.documentElement.clientWidth<960;$M||document.write('<script type="text/javascript" nonce="xLvEl+e74wRyg4RhQtxCIA==" src="https://yastatic.net/pcode/adfox/loader.js" crossorigin="anonymous"><\/script><script type="text/javascript" nonce="xLvEl+e74wRyg4RhQtxCIA==">function gtag(){dataLayer.push(arguments)}window.dataLayer=window.dataLayer||[],gtag("js",new Date),gtag("config","AW-942218954");<\/script>'); </script> <script type="text/javascript" nonce="">var BUILD_ID="76e1987d134280",GLOBAL_NONCE="xLvEl+e74wRyg4RhQtxCIA==",MANIFEST={"p-coupons-redirect":["p-pages-redirect"],"p-retailer":["p-offers"],$:["libs.js","base"]},ENVIRONMENT="production",VERSION="4.10.0",BLENDER=!1,CLIENT_BASE_URL="https://yastatic.net/s3/edadeal-public-static/web/app/76e1987d134280/client",STATIC_PATH="https://yastatic.net/s3/edadeal-public-static/web/app/76e1987d134280/static",RTB_BLOCKS=$M?{offers:"R-I-338786-1",footer:"R-I-338786-2",offer:"R-I-338786-6",offer_top:"R-I-338786-146"}:{pagination:"R-I-338751-1",sidebar:"R-I-338751-2",offer:"R-I-338751-9",cashback:"R-I-338751-4",mainpage:"R-I-338751-6",sidebar_middle:"R-I-338751-5",offers_horizontal:"R-I-338751-7",offers_cards:"R-I-338751-8",cashbacks_horizontal:"R-I-338751-7",cashbacks_cards:"R-I-338751-8",sku:"R-I-338751-3"},RTB_PARAMS={},ANALYTICS={logInConsole:!1},COLLECTION_LOCAL_CACHE_ATTRS={nonce:"xLvEl+e74wRyg4RhQtxCIA=="},API_SSO="https://sso.edadeal.ru",API_WEB="https://squark.edadeal.ru/web/",API_CB="https://cb.edadeal.ru/v2/",API_KOBAL="https://kobal.edastage.ru",API_CPS="https://api.edadeal.ru/wallet/v2/",API_USR="https://usr.edadeal.ru/auth/v1/",API_BARCODE="https://barcode.edadeal.ru/barcode/v3/",API_CHERCHER="https://search.edadeal.io/api/v2";$M?(VERSION='289d362b134311',document.write('<script type="text/javascript" nonce="xLvEl+e74wRyg4RhQtxCIA==" crossorigin="" src="https://yastatic.net/s3/edadeal-public-static/frontend/touch/289d362b134311/ES2018/init.js"><\/script>')):function(e,t,a,s,r,i,c,p,o,d,l,n){for(t.$&&s.push.apply(s,t.$),t["p-retailer"]&&s.push.apply(s,t["p-retailer"]),s.push("p-retailer");e!==s.length;++e)-1!==(n=s[e]).indexOf(".")?-1!==n.indexOf(".css")?r.push(n):i.push(n):(r.push(n+".css"),i.push(n+".js"));p+=a,c+=a,document.write(p+r.join('">'+p)+'">'+c+i.join('"><\/script>'+c)+'"><\/script>')}(0,MANIFEST,CLIENT_BASE_URL+"/",[],[],[],'<script type="text/javascript" nonce="xLvEl+e74wRyg4RhQtxCIA==" crossorigin="" src="','<link rel="stylesheet" nonce="xLvEl+e74wRyg4RhQtxCIA==" href="'); </script><script type="text/javascript" nonce="" crossorigin="" src="https://yastatic.net/s3/edadeal-public-static/frontend/touch/289d362b134311/ES2018/init.js"></script><link nonce="" href="https://yastatic.net/s3/edadeal-public-static/frontend/touch/289d362b134311/ES2018/touch_ES2018_d41d8cd9_std_style.css" rel="stylesheet"><script src="https://yastatic.net/s3/edadeal-public-static/frontend/touch/289d362b134311/ES2018/touch_ES2018_lib/12aaf990_rum-send.js" nonce=""></script><script src="https://yastatic.net/s3/edadeal-public-static/frontend/touch/289d362b134311/ES2018/touch_ES2018_lib/156471b2_rum-implementation.js" nonce=""></script><script src="https://yastatic.net/s3/edadeal-public-static/frontend/touch/289d362b134311/ES2018/touch_ES2018_lib/a49dfb0b_rum-onload.js" nonce=""></script><script src="https://yastatic.net/s3/edadeal-public-static/frontend/touch/289d362b134311/ES2018/touch_ES2018_lib/ce1c0084_rum-spa.js" nonce=""></script><script src="https://yastatic.net/s3/edadeal-public-static/frontend/touch/289d362b134311/ES2018/touch_ES2018_lib/7d078269_rum-scroll.js" nonce=""></script><script src="https://yastatic.net/s3/edadeal-public-static/frontend/touch/289d362b134311/ES2018/touch_ES2018_lib/02b2b439_error-i-over-rum.js" nonce=""></script><script src="https://yastatic.net/s3/edadeal-public-static/frontend/touch/289d362b134311/ES2018/touch_ES2018_lib/9f1f2200_error-implementation.js" nonce=""></script><script src="https://yastatic.net/s3/edadeal-public-static/frontend/touch/289d362b134311/ES2018/touch_ES2018_lib/4460a547_error-filters.js" nonce=""></script><script src="https://yastatic.net/s3/edadeal-public-static/frontend/touch/289d362b134311/ES2018/touch_ES2018_lib/a82547bb_error-log-error.js" nonce=""></script><script src="https://yastatic.net/s3/edadeal-public-static/frontend/touch/289d362b134311/ES2018/touch_ES2018_ece70726_error-init.standalone.js" nonce=""></script>  <link nonce="" href="https://yastatic.net/s3/edadeal-public-static/frontend/touch/289d362b134311/ES2018/touch_ES2018_537cb645_p-root_style.css" rel="stylesheet"><script src="https://yastatic.net/s3/edadeal-public-static/frontend/touch/289d362b134311/ES2018/touch_ES2018_4fe612a4_std.js" nonce=""></script><script src="https://yastatic.net/s3/edadeal-public-static/frontend/touch/289d362b134311/ES2018/touch_ES2018_lib/b923a9c3_requestidlecallback.js" nonce=""></script><script src="https://yastatic.net/s3/edadeal-public-static/frontend/touch/289d362b134311/ES2018/touch_ES2018_lib/20045257_eventemitter2.js" nonce=""></script><script src="https://yastatic.net/s3/edadeal-public-static/frontend/touch/289d362b134311/ES2018/touch_ES2018_lib/fd35228c_vue.js" nonce=""></script><script src="https://yastatic.net/s3/edadeal-public-static/frontend/touch/289d362b134311/ES2018/touch_ES2018_b822787d_index-core.js" nonce=""></script><script src="https://yastatic.net/s3/edadeal-public-static/frontend/touch/289d362b134311/ES2018/touch_ES2018_352ba565_p-root_tpl.js" nonce=""></script><script src="https://yastatic.net/s3/edadeal-public-static/frontend/touch/289d362b134311/ES2018/touch_ES2018_a7775590_p-root.js" nonce=""></script><style nonce="">.g-wrapper{border:1px solid c(FoggyWhite);border-radius:16px;display:flex;flex-direction:column}.g-wrapper_border_none{border:0}.g-wrapper_border_bottom{border-left:0;border-radius:0;border-right:0;border-top:0}.g-wrapper_border_bottom:last-child{border:0}.g-wrapper>*+*{position:relative}.g-wrapper>*+:before{absolute:top 0 left 0 right 0;background-color:c(FoggyWhite);content:"";display:block;height:1px}</style><style nonce="">.b-toast{left:100%;padding:16px;position:fixed;transition:transform .3s ease-out;width:100%;z-index:999}.b-toast-is-style-loaded{color:rgba(0,250,154,0)}.b-toast__root-wrapper{align-items:center;background:#4d4d4d;border-radius:16px;box-sizing:border-box;display:flex;justify-content:flex-start;padding:16px;-webkit-user-select:none;-moz-user-select:none;-ms-user-select:none;user-select:none;width:100%}.b-toast_position_top{top:0;transform:translateY(-100%)}.b-toast_opened_true.b-toast_position_top{left:0;transform:translateY(100%)}.b-toast_position_bottom{bottom:0;transform:translateY(100%)}.b-toast_opened_true.b-toast_position_bottom{left:0;transform:translateY(0)}.b-toast_opened_false{transition:transform .3s ease-out,left 0s .3s,z-index 0s .3s;z-index:-1}.b-toast__text{-webkit-box-orient:vertical;-webkit-line-clamp:2;color:#fff;display:-webkit-box;flex:1 1 auto;font-family:YS Text;font-size:14px;font-weight:400;line-height:20px;margin-right:8px;overflow:hidden}.b-toast__icon-container{align-items:center;display:flex;flex:0 0 40px;height:40px;justify-content:center;margin-right:16px;width:40px}.b-toast__icon{font-size:40px}.b-toast__control{margin-left:auto}.b-toast__control-content{display:inline-block;max-width:104px;overflow:hidden;text-overflow:ellipsis;white-space:nowrap}</style><style nonce="">.fade-enter-active,.fade-in-enter-active,.fade-leave-active{transition:opacity .3s}.fade-enter,.fade-in-enter,.fade-leave-to{opacity:0}a,abbr,acronym,address,applet,big,blockquote,body,caption,cite,code,dd,del,dfn,div,dl,dt,em,fieldset,form,h1,h2,h3,h4,h5,h6,html,iframe,img,ins,kbd,label,legend,li,object,ol,p,pre,q,s,samp,small,span,strike,strong,sub,sup,table,tbody,td,tfoot,th,thead,tr,tt,ul,var{border:0;font-family:inherit;font-size:100%;font-style:inherit;font-weight:inherit;margin:0;outline:0;padding:0;vertical-align:baseline}ol,ul{list-style:none}table{border-collapse:separate;border-spacing:0}caption,table,td,th{vertical-align:middle}caption,td,th{font-weight:400;text-align:left}.a img,a img{border:0}html{box-sizing:border-box;font-family:Open Sans,Arial,sans-serif}*,:after,:before{box-sizing:inherit}article,aside,canvas,details,figcaption,figure,footer,header,hgroup,main,menu,nav,section,summary{border:0;display:block;margin:0;outline:0;padding:0}audio,canvas,video{*zoom:1;display:inline-block;*display:inline}[hidden],audio:not([controls]){display:none}button,input,optgroup,select,textarea{color:inherit;font:inherit;margin:0;padding:0}button{background:none;overflow:visible}button,select{text-transform:none}button,html input[type=button],input[type=reset],input[type=submit]{cursor:pointer}button[disabled],html input[disabled]{cursor:default}input[type=number]::-webkit-inner-spin-button,input[type=number]::-webkit-outer-spin-button{height:auto}input[type=search]{box-sizing:content-box}input[type=search]::-webkit-search-cancel-button,input[type=search]::-webkit-search-decoration{-webkit-appearance:none}legend{border:0;padding:0}textarea{overflow:auto}.a{background-color:transparent;border:0;border-spacing:0;box-sizing:border-box;cursor:pointer;display:inline-block;font-family:Open Sans,Arial,sans-serif;font-weight:400;line-height:1;margin:0;outline:0;padding:0;text-align:left;text-decoration:none;text-indent:0;vertical-align:middle;white-space:normal}.a:focus{outline:0}@font-face{font-display:swap;font-family:YS Text;font-style:normal;font-weight:400;src:url(https://yastatic.net/s3/edadeal-public-static/frontend/touch/289d362b134311/ES2018/touch_ES2018_assets/1a39729ae4d3c904f1a13bfeba382db4.woff2) format("woff2")}@font-face{font-display:swap;font-family:YS Text;font-style:normal;font-weight:500;src:url(https://yastatic.net/s3/edadeal-public-static/frontend/touch/289d362b134311/ES2018/touch_ES2018_assets/43fa40c1c9caa4f10597ddcdae220f98.woff2) format("woff2")}@font-face{font-display:swap;font-family:YS Text;font-style:normal;font-weight:700;src:url(https://yastatic.net/s3/edadeal-public-static/frontend/touch/289d362b134311/ES2018/touch_ES2018_assets/965e1319d721e0746257c70706dafe00.woff2) format("woff2")}*,.a:focus{-webkit-tap-highlight-color:transparent}html{color:#09141f}a{color:#27ae61;text-decoration:none}input{caret-color:#000}.ul li{--bulletBackground:#27ae61;--bulletBorderRadius:2px;--bulletContent:"";--bulletHeight:4px;--bulletLeft:6px;--bulletTop:6px;--bulletWidth:4px;margin-top:16px;padding-left:28px;position:relative}.ul li:before{display:inline-block;position:absolute}@supports not (color:var(--color )){.ul li:before{background:#27ae61;border-radius:2px;content:"";height:4px;left:6px;top:6px;width:4px}}@supports (color:var(--color )){.ul li:before{background:var(--bulletBackground);border:var(--bulletBorder);border-radius:var(--bulletBorderRadius);color:var(--bulletColor);content:var(--bulletContent);height:var(--bulletHeight);left:var(--bulletLeft);top:var(--bulletTop);width:var(--bulletWidth)}}.ul li[data-bullet-content]:before{background:unset;content:attr(data-bullet-content);top:0}[data-ads-slot]>:not(:first-child){margin-top:16px}[data-ads-slot]:empty,[data-ads-slot]>:empty{display:none}.g-rtb__direct_js,.g-rtb__direct_native{position:relative;z-index:0}.g-loader{-webkit-animation:rotate 1s linear infinite;animation:rotate 1s linear infinite;background-position:50%;background-repeat:no-repeat;background-size:contain}@-moz-keyframes fade-out{0%{opacity:0}to{opacity:1}}@-webkit-keyframes fade-out{0%{opacity:0}to{opacity:1}}@-o-keyframes fade-out{0%{opacity:0}to{opacity:1}}@keyframes fade-out{0%{opacity:0}to{opacity:1}}@-moz-keyframes scale{0%{transform:scale(1)}to{transform:scale(2)}}@-webkit-keyframes scale{0%{transform:scale(1)}to{transform:scale(2)}}@-o-keyframes scale{0%{transform:scale(1)}to{transform:scale(2)}}@keyframes scale{0%{transform:scale(1)}to{transform:scale(2)}}@-moz-keyframes rotate{0%{transform:rotate(0deg)}to{transform:rotate(1turn)}}@-webkit-keyframes rotate{0%{transform:rotate(0deg)}to{transform:rotate(1turn)}}@-o-keyframes rotate{0%{transform:rotate(0deg)}to{transform:rotate(1turn)}}@keyframes rotate{0%{transform:rotate(0deg)}to{transform:rotate(1turn)}}</style><style nonce="">.b-shopping-list-control{background-color:#4d4d4d;color:#fff;height:auto;overflow:hidden;width:100%}.b-shopping-list-control-is-style-loaded{color:rgba(0,250,154,0)}.b-shopping-list-control__container{height:100%;overflow:hidden;width:100%}.b-shopping-list-control__container,.b-shopping-list-control__controls{align-items:center;display:flex;justify-content:space-between}.b-shopping-list-control__price,.b-shopping-list-control__quantity{font-family:YS Text;font-size:14px;font-weight:400;line-height:18px}.b-shopping-list-control__count{font-family:YS Text;font-size:16px;font-weight:500;line-height:20px;min-width:28px;text-align:center}.b-shopping-list-control__button{align-items:center;display:flex;height:auto;justify-content:center;width:auto}.b-shopping-list-control__dec,.b-shopping-list-control__inc{background:no-repeat 50%;filter:invert(1);height:24px;width:24px}.b-shopping-list-control__dec{background-image:url("data:image/svg+xml,%3csvg width='24' height='24' fill='none' xmlns='http://www.w3.org/2000/svg'%3e%3cpath d='M6 12h12' stroke='%2309141F' stroke-width='2' stroke-linecap='round' stroke-linejoin='round'/%3e%3c/svg%3e")}.b-shopping-list-control__inc{background-image:url("data:image/svg+xml,%3csvg width='24' height='24' fill='none' xmlns='http://www.w3.org/2000/svg'%3e%3cpath fill-rule='evenodd' clip-rule='evenodd' d='M11 11V6a1 1 0 1 1 2 0v5h5a1 1 0 1 1 0 2h-5v5a1 1 0 1 1-2 0v-5H6a1 1 0 1 1 0-2h5Z' fill='%2309141F'/%3e%3c/svg%3e")}</style><style nonce="">.b-modal-is-style-loaded{color:rgba(0,250,154,0)}</style><style nonce="">.b-bottom-slide{z-index:2000}.b-bottom-slide-is-style-loaded{color:rgba(0,250,154,0)}.b-bottom-slide__history{height:100%}.b-bottom-slide [data-sub-pages]{left:100vw;position:absolute;top:0;z-index:2000}.b-bottom-slide [data-sub-pages],.b-bottom-slide [data-sub-pages]>[data-page]{height:auto;position:absolute;width:100%}.b-bottom-slide__page_turning_in{transform:translateX(-100vw)}.b-bottom-slide__window{-webkit-overflow-scrolling:touch;-ms-scroll-chaining:none;height:100%;left:0;overscroll-behavior:none;position:fixed;top:100%;transform:translateZ(0);width:100%;will-change:transform;z-index:2000}.b-bottom-slide__title{tap-highlight-color:transparent}.b-bottom-slide__view{overflow:hidden;position:relative;transform:translateZ(0)}.b-bottom-slide__content{height:100%;position:relative}.b-bottom-slide__overlay{height:100%;left:0;opacity:0;position:fixed;top:0;visibility:hidden;width:100%;z-index:2000}.b-bottom-slide__trigger{height:1px;width:100%}.b-bottom-slide_opened_true .b-bottom-slide__overlay{visibility:visible}.b-bottom-slide-fullscreen-moving-true .b-bottom-slide__view{pointer-events:auto}.b-bottom-slide_events_false .b-bottom-slide__overlay{pointer-events:none}.b-bottom-slide_stick_false .b-bottom-slide__overlay,.b-bottom-slide_stick_false .b-bottom-slide__window{transition:none}.b-bottom-slide_height-mode_content .b-bottom-slide__view{height:auto}.b-bottom-slide__page{position:relative}.b-bottom-slide__history:after{background:no-repeat 50%;background-size:cover;content:"";display:none;height:64px;left:50%;margin-left:-32px;margin-top:-32px;position:absolute;top:50%;width:64px;z-index:2001}.b-bottom-slide [data-content]{transform:translateZ(0);transition:opacity .3s ease-out}.b-bottom-slide_progress_true .b-bottom-slide__history:after{-webkit-animation:rotate 1s linear infinite;animation:rotate 1s linear infinite;display:block}.b-bottom-slide_progress_true [data-content]{opacity:0;transition:none}.b-bottom-slide__history{overflow:hidden;position:relative}.b-bottom-slide_opened_false .b-bottom-slide__toggler-stripe{visibility:hidden}.b-bottom-slide_hidden_true{transition:visibility .1s .3s;visibility:hidden}.b-bottom-slide_hidden_true .b-bottom-slide__overlay{opacity:0;transition:opacity .15s,visibility .15s;visibility:hidden}.b-bottom-slide__window{background-color:#fff;transition:transform .15s cubic-bezier(0,0,.64,1.1)}.b-bottom-slide_top-border-radius_s .b-bottom-slide__window{border-top-left-radius:10px;border-top-right-radius:10px}.b-bottom-slide_top-border-radius_m .b-bottom-slide__window{border-top-left-radius:16px;border-top-right-radius:16px}.b-bottom-slide__header,.b-bottom-slide__toggler-stripe{border-top-left-radius:inherit;border-top-right-radius:inherit}.b-bottom-slide__toggler-stripe{background-color:#fff;display:flex;height:24px;justify-content:center;width:100%}.b-bottom-slide__view{box-sizing:border-box;height:100%;width:100%}.b-bottom-slide__content{overflow:hidden;transform:translateZ(0);width:100%}.b-bottom-slide__overlay{background-color:#09141f;transition:opacity .3s}.b-bottom-slide__toggler{background-color:#fff;border-radius:100px;height:4px;left:50%;position:absolute;top:-8px;transform:translateX(-50%);width:40px}.b-bottom-slide_dynamic-toggler_true .b-bottom-slide__toggler{background-color:rgba(48,64,80,.6)}.b-bottom-slide_dynamic-toggler_true.b-bottom-slide_events_false .b-bottom-slide__toggler{background-color:unset;background-position:50%;background-repeat:no-repeat;height:10px;top:-16px;width:28px}.b-bottom-slide__page_below_true{opacity:0;pointer-events:none;transform:translateX(-10%)}.b-bottom-slide__page_turning_in{display:block;opacity:1}.b-bottom-slide [data-sub-pages] .b-bottom-slide__page_below_true{pointer-events:none;transform:translateX(-110vw)}.b-bottom-slide [data-title].b-bottom-slide__title_in-view_false{background-color:#fff;border-bottom-color:#f3f4f4;position:-webkit-sticky;position:sticky;top:-1px;z-index:2000}.b-bottom-slide [data-page=index] [data-title].b-bottom-slide__title_in-view_false{font-family:YS Text;font-size:18px;font-weight:400;line-height:28px}.b-bottom-slide_opened_false .b-bottom-slide__toggler{visibility:hidden}.b-bottom-slide-fullscreen-moving-true{pointer-events:none}.b-bottom-slide [data-page=index] [data-title]{font-family:YS Text;font-size:32px;font-weight:700;line-height:36px;margin-bottom:18px}.b-bottom-slide [data-page]{background-color:#fff;overflow:auto;transition:transform .15s cubic-bezier(0,0,.64,1.1),opacity .15s cubic-bezier(0,0,.64,1.1)}.b-bottom-slide_content-offset_true [data-page]{padding-bottom:20px}.b-bottom-slide [data-title]{align-items:center;border-bottom:1px solid transparent;display:flex;font-family:YS Text;font-size:18px;font-weight:400;height:44px;justify-content:flex-start;line-height:28px;transition:background-color .15s cubic-bezier(0,0,.64,1.1),border-bottom-color .15s cubic-bezier(0,0,.64,1.1);-webkit-user-select:none;-moz-user-select:none;-ms-user-select:none;user-select:none;width:100%}.b-bottom-slide__history:after{background-image:url(https://yastatic.net/s3/edadeal-public-static/frontend/touch/289d362b134311/ES2018/touch_ES2018_assets/528723a93a794331abe0b496de5437fd.png)}.b-bottom-slide_dynamic-toggler_true.b-bottom-slide_events_false .b-bottom-slide__toggler{background-image:url("data:image/svg+xml,%3csvg width='28' height='10' fill='none' xmlns='http://www.w3.org/2000/svg'%3e%3cpath d='M2.743 9.856a2 2 0 0 1-1.485-3.713l12-6a2 2 0 0 1 1.485 0l12 6a2 2 0 1 1-1.486 3.713L14 4.154 2.743 9.856Z' fill='%23304050' fill-opacity='.6'/%3e%3c/svg%3e")}</style><style nonce="">.b-dialog-bottom-slide-is-style-loaded{color:rgba(0,250,154,0)}.b-dialog-bottom-slide__img-container{align-items:center;display:flex;justify-content:center}.b-dialog-bottom-slide__img{height:138px;width:168px}.b-dialog-bottom-slide_hide-image_true .b-dialog-bottom-slide__img{display:none}.b-dialog-bottom-slide_has-ads_true .b-dialog-bottom-slide__ads{display:block}.b-dialog-bottom-slide__title{font-family:YS Text;font-size:22px;font-weight:700;line-height:26px;text-align:center}.b-dialog-bottom-slide__img-container+.b-dialog-bottom-slide__title{margin-top:24px}.b-dialog-bottom-slide_hide-image_true .b-dialog-bottom-slide__title{margin-top:0}.b-dialog-bottom-slide__text{font-family:YS Text;font-size:16px;font-weight:400;line-height:20px;margin-top:12px;text-align:center}.b-dialog-bottom-slide__sub-text{margin-top:18px;text-align:center}.b-dialog-bottom-slide__sub-text-title{color:#9ca3ab;font-family:YS Text;font-size:13px;font-weight:400;line-height:16px}.b-dialog-bottom-slide__sub-text-desc{color:#09141f;font-family:YS Text;font-size:16px;font-weight:400;line-height:20px}.b-dialog-bottom-slide__sub-text-title+.b-dialog-bottom-slide__sub-text-desc{margin-top:2px}.b-dialog-bottom-slide__ads{display:none;margin:24px 16px 0}.b-dialog-bottom-slide__single-banner{height:300px;padding:0;position:relative;text-align:center;width:100%}@media screen and (max-height:670px){.b-dialog-bottom-slide__single-banner{height:250px}}@media screen and (max-height:570px){.b-dialog-bottom-slide__single-banner{height:200px}}@media screen and (max-height:520px){.b-dialog-bottom-slide__single-banner{height:170px}}.b-dialog-bottom-slide__single-banner .b-dialog-bottom-slide__banner-img{left:50%;max-height:100%;max-width:100%;position:absolute;top:50%;transform:translate(-50%,-50%);width:auto}.b-dialog-bottom-slide__primary-control{margin-top:24px;width:100%}.b-dialog-bottom-slide__secondary-control{margin-top:16px;width:100%}.b-dialog-bottom-slide__disclaimer{color:#9ca3ab;font-family:YS Text;font-size:11px;font-weight:400;line-height:14px;margin:20px 16px 0;text-align:center}.b-dialog-bottom-slide__view{padding:0 16px}</style><style nonce="">.b-dialog-window{display:none}.b-dialog-window-is-style-loaded{color:rgba(0,250,154,0)}.b-dialog-window__img-container{align-items:center;display:flex;justify-content:center}.b-dialog-window__img{height:138px;width:168px}.b-dialog-window_hide-image_true .b-dialog-window__img{display:none}.b-dialog-window_has-ads_true .b-dialog-window__ads{display:block}.b-dialog-window__title{font-family:YS Text;font-size:22px;font-weight:700;line-height:26px;text-align:center}.b-dialog-window__img-container+.b-dialog-window__title{margin-top:24px}.b-dialog-window_hide-image_true .b-dialog-window__title{margin-top:0}.b-dialog-window__text{font-family:YS Text;font-size:16px;font-weight:400;line-height:20px;margin-top:12px;text-align:center}.b-dialog-window__sub-text{margin-top:18px;text-align:center}.b-dialog-window__sub-text-title{color:#9ca3ab;font-family:YS Text;font-size:13px;font-weight:400;line-height:16px}.b-dialog-window__sub-text-desc{color:#09141f;font-family:YS Text;font-size:16px;font-weight:400;line-height:20px}.b-dialog-window__sub-text-title+.b-dialog-window__sub-text-desc{margin-top:2px}.b-dialog-window__ads{display:none;margin:24px 16px 0}.b-dialog-window__single-banner{height:300px;padding:0;position:relative;text-align:center;width:100%}@media screen and (max-height:670px){.b-dialog-window__single-banner{height:250px}}@media screen and (max-height:570px){.b-dialog-window__single-banner{height:200px}}@media screen and (max-height:520px){.b-dialog-window__single-banner{height:170px}}.b-dialog-window__single-banner .b-dialog-window__banner-img{left:50%;max-height:100%;max-width:100%;position:absolute;top:50%;transform:translate(-50%,-50%);width:auto}.b-dialog-window__primary-control{margin-top:24px;width:100%}.b-dialog-window__secondary-control{margin-top:16px;width:100%}.b-dialog-window__disclaimer{color:#9ca3ab;font-family:YS Text;font-size:11px;font-weight:400;line-height:14px;margin:20px 16px 0;text-align:center}.b-dialog-window__wrapper{width:100%}.b-dialog-window__wrapper,.b-dialog-window_opened_true{align-items:center;display:flex;flex-direction:column;justify-content:center}.b-dialog-window_opened_true{background-color:#f3f4f4;height:100%;left:0;padding:16px;position:fixed;top:0;width:100vw;z-index:1000}</style><style nonce="">.p-srch-retailer{display:flex;flex-direction:column;min-height:100vh}.p-srch-retailer-is-style-loaded{color:rgba(0,250,154,0)}.p-srch-retailer_hidden_true{display:none}.p-srch-retailer__wall-wrapper{display:flex;flex:1 1 auto;flex-direction:column;margin-top:2px}.p-srch-retailer__card:not(:last-child){margin-bottom:2px}.p-srch-retailer__page-offline-stub{display:none}.p-srch-retailer__offline-stub-img{height:120px;margin-bottom:24px;width:120px}.p-srch-retailer__offline-stub{display:flex;flex-direction:column;flex-grow:1;justify-content:center}.p-srch-retailer__offline-stub_from-top_true{margin-top:40px}.p-srch-retailer__version{color:#9ca3ab;font-size:10px;margin-top:-12px;text-align:center}.p-srch-retailer__single-banner{padding:0}.p-srch-retailer__card-ads,.p-srch-retailer__carousel-banner{margin:0}.p-srch-retailer [data-ads-slot]>:not(:first-child){margin-top:12px}.p-srch-retailer .g-rtb__page_name_p-srch-index,.p-srch-retailer .g-rtb__page_name_p-srch-offer,.p-srch-retailer .g-rtb__page_name_p-srch-retailer{margin-top:2px}.p-srch-retailer__blank-stub{display:none;flex-grow:1}.p-srch-retailer__blank-stub_top_true{margin-top:24px}.p-srch-retailer__blank-stub-img{background-position:50%;background-repeat:no-repeat;background-size:contain;height:196px;margin-bottom:24px;width:360px}.p-srch-retailer__blank-stub-content-wrap,.p-srch-retailer__blank-stub-main-content{align-items:center;display:flex;flex-direction:column}.p-srch-retailer__blank-stub-main-content{padding:0 16px;width:100%}.p-srch-retailer__blank-stub-title{font-family:YS Text;font-size:22px;font-weight:700;line-height:26px;margin-bottom:8px;max-width:295px;text-align:center}.p-srch-retailer__blank-stub-text{color:#9ca3ab;font-family:YS Text;font-size:14px;font-weight:700;line-height:18px;padding-bottom:24px;text-align:center}.p-srch-retailer__blank-stub-text_border-bottom_true{border-bottom:1px solid #d8dbde}.p-srch-retailer__blank-stub-button{margin-top:24px}.p-srch-retailer_main-feed-empty_true .p-srch-retailer__blank-stub_source_main-feed{display:flex;flex-direction:column;justify-content:center}.p-srch-retailer__alco-disclaimer{margin:2px 0;width:100%}.p-srch-retailer__alco-disclaimer_source_main-feed{display:none}.p-srch-retailer_main-feed-show-disclaimer_true .p-srch-retailer__alco-disclaimer_source_main-feed{display:block}.p-srch-retailer_main-feed-show-disclaimer_true .p-srch-retailer__alco-disclaimer_source_main-feed+.p-srch-retailer__offer-wall{margin-top:0}.p-srch-retailer__header-side-controls{align-items:center;display:flex}.p-srch-retailer__header-control+.p-srch-retailer__header-control{margin-left:16px}.p-srch-retailer__header-control-icon_type_geolocation,.p-srch-retailer__header-control-icon_type_scan,.p-srch-retailer__header-control-icon_type_search{background:no-repeat 50%;height:24px;width:24px}.p-srch-retailer__offer-wall{margin-top:2px}.p-srch-retailer__offer-wall:not(:empty){margin-bottom:12px;overflow:hidden}.p-srch-retailer__offer-wall_slider_true .p-srch-retailer__wall-container{white-space:nowrap;width:auto}.p-srch-retailer__offer-wall_slider_true .p-srch-retailer__wall-container:empty~.p-srch-retailer__offer-wall_slider_true .p-srch-retailer__loader{margin-left:16px}.p-srch-retailer__offer-wall_slider_true .p-srch-retailer__wall-wrapper{-webkit-overflow-scrolling:touch;display:flex;height:calc(100% + 25px);overflow:scroll;position:relative;width:100%}.p-srch-retailer__offer-wall_slider_true .p-srch-retailer__slider{overflow:hidden}.p-srch-retailer__offer-wall_slider_true .p-srch-retailer__wall-tombstones{white-space:nowrap}.p-srch-retailer__offer-wall_slider_true .p-srch-retailer__wall-tombstones>div{display:inline-block}.p-srch-retailer__offer-wall_slider_true .p-srch-retailer__wall-loader{white-space:nowrap}.p-srch-retailer__offer-wall_slider_true .p-srch-retailer__skeleton{display:inline-block;margin-left:16px}.p-srch-retailer__offer-wall_slider_true .p-srch-retailer__skeleton:first-child{margin-left:0}.p-srch-retailer__offer-wall_slider_true .p-srch-retailer__skeleton:last-child{margin-right:16px}.p-srch-retailer__offer-wall_slider_true .p-srch-retailer__card{display:inline-block;margin-left:16px;vertical-align:top}.p-srch-retailer__load-more-container{background-color:#fff;margin-top:3px;padding:16px}.p-srch-retailer__feed-title-content{display:flex}.p-srch-retailer__feed-title-content,.p-srch-retailer__feed-title-text{align-items:center;overflow:hidden;text-overflow:ellipsis;white-space:nowrap}.p-srch-retailer__feed-title-text{width:100%}.p-srch-retailer__feed-title{align-items:center;background-color:#fff;display:flex;font-family:YS Text;font-size:16px;font-weight:500;justify-content:space-between;line-height:20px;padding:16px 18px;position:-webkit-sticky;position:sticky;width:100%;z-index:2000}.p-srch-retailer__feed-title-icon{background-size:contain;border-radius:12px;flex:1 0 auto;height:24px;margin-right:16px;width:24px}.p-srch-retailer__feed-title-pin{background:no-repeat 50%;height:24px;width:24px}.p-srch-retailer__feed-empty-stub{align-items:center;background:#fff;display:flex;justify-content:space-between;padding:16px;width:100%}.p-srch-retailer__feed-empty-stub-image{background:no-repeat;background-position:50%;background-size:contain;flex:1 0 auto;height:86px;margin-right:16px;width:88px}.p-srch-retailer__feed-empty-stub-text{font-family:YS Text;font-size:14px;font-weight:400;line-height:20px;text-align:center}.p-srch-retailer__segment-switch-container{display:flex;flex:1 1 auto;min-height:100%}.p-srch-retailer__segment-switcher[class]{background:#fff;height:48px;margin-bottom:12px;overflow:hidden;padding-top:12px}.p-srch-retailer__float{align-items:center;background:#fff;display:flex;overflow:auto;position:relative}.p-srch-retailer__segment-switcher-wrapper{max-width:100%;overflow:hidden}.p-srch-retailer__menu{background:#fff;display:none;flex:0 0 32px;left:0;margin-right:-8px;padding-left:16px;padding-right:2px;padding-top:4px;position:-webkit-sticky;position:sticky;z-index:2}.p-srch-retailer__menu:after{background-color:#fff;box-shadow:0 0 6px 6px #fff;content:"";display:block;height:100%;left:100%;position:absolute;z-index:-1}.p-srch-retailer__menu_show_true{align-items:center;display:flex;flex-direction:column;justify-content:center}.p-srch-retailer__menu-button{border-radius:12px;height:32px;padding:0;width:32px}.p-srch-retailer__menu-icon{align-items:center;display:flex;flex-direction:column;justify-content:center}.p-srch-retailer__menu-icon:before{background:no-repeat 50%;content:"";display:block;height:24px;width:24px}.p-srch-retailer_main-feed-offline_true .p-srch-retailer__page-offline-stub{display:block}.p-srch-retailer__shops-pre-icon{align-self:center;background:no-repeat 50%;height:16px;margin-right:4px;width:16px}.p-srch-retailer__offer-wall-header{align-items:center;background-color:#fff;display:flex;justify-content:center;margin-top:12px}.p-srch-retailer .p-srch-retailer__favorite-toggle_checked_true,.p-srch-retailer__favorite-toggle{background:no-repeat 50%;height:24px;width:24px}.p-srch-retailer__setting-control{align-items:center;display:flex;flex:1 1 50%;justify-content:center;opacity:1;padding:10px 0;position:relative;transition:opacity .1s ease-out}.p-srch-retailer__setting-control+.p-srch-retailer__setting-control:before{background-color:#f3f4f4;content:"";display:block;height:20px;left:0;position:absolute;width:2px}.p-srch-retailer__shop-info-wrapper:empty,.p-srch-retailer_main-feed-empty_true .p-srch-retailer__offer-wall-header,.p-srch-retailer_main-feed-empty_true .p-srch-retailer__segment-switch-sticky,.p-srch-retailer_main-feed-empty_true .p-srch-retailer__wall-wrapper{display:none}.p-srch-retailer__shop-info{background-color:#fff;padding:8px 16px 4px}.p-srch-retailer__shop-address{font-family:YS Text;font-size:14px;font-weight:400;line-height:18px}.p-srch-retailer__shop-additional{color:#9ca3ab;font-family:YS Text;font-size:13px;font-weight:400;line-height:16px;margin-top:4px}.p-srch-retailer__segment-switch-second .p-srch-retailer__segment-switcher{height:36px;margin-bottom:0;padding-top:0}.p-srch-retailer__subscribe-plank{margin:20px 10px}.p-srch-retailer__sort-wrapper{padding-bottom:16px}.p-srch-retailer__sort{align-items:center;background-color:#fff;border-radius:41px;box-shadow:0 0 8px rgba(9,20,31,.12),0 6px 8px rgba(9,20,31,.12);display:flex;font-family:YS Text;font-size:14px;font-weight:500;height:38px;justify-content:center;line-height:20px;padding:0 12px 0 16px}.p-srch-retailer__sort-icon{background:no-repeat 50%;height:16px;margin-left:4px;width:16px}.p-srch-retailer__blank-stub-img{background-image:url(https://yastatic.net/s3/edadeal-public-static/frontend/touch/289d362b134311/ES2018/touch_ES2018_assets/8184f734f8b6986132197ee39dacb759.svg)}.p-srch-retailer__header-control-icon_type_search{background-image:url("data:image/svg+xml,%3csvg width='24' height='24' fill='none' xmlns='http://www.w3.org/2000/svg'%3e%3cpath fill-rule='evenodd' clip-rule='evenodd' d='M9.5 18c1.71 0 3.287-.573 4.55-1.537l4.743 4.744a1 1 0 1 0 1.414-1.414l-4.744-4.744A7.5 7.5 0 1 0 9.5 18Zm5.5-7.5a5.5 5.5 0 1 1-11 0 5.5 5.5 0 0 1 11 0Z' fill='%2309141F'/%3e%3c/svg%3e")}.p-srch-retailer__header-control-icon_type_scan{background-image:url("data:image/svg+xml,%3csvg width='24' height='24' fill='none' xmlns='http://www.w3.org/2000/svg'%3e%3cpath fill-rule='evenodd' clip-rule='evenodd' d='M19.5 9.005a1.5 1.5 0 0 0 1.5-1.5V4.5A1.5 1.5 0 0 0 19.5 3h-3A1.5 1.5 0 0 0 15 4.5v3.005a1.5 1.5 0 0 0 1.5 1.5h3ZM19 5v2.005h-2V5h2ZM9 7.5V4.504a1.5 1.5 0 0 0-1.498-1.5l-3-.004A1.5 1.5 0 0 0 3 4.5v3A1.5 1.5 0 0 0 4.5 9h3A1.5 1.5 0 0 0 9 7.5ZM5 7V5l2 .002V7H5Zm4 11.5H7v.5H5v-.5H3v1A1.5 1.5 0 0 0 4.5 21h3A1.5 1.5 0 0 0 9 19.5v-1Zm-.134-6H3.134A1 1 0 0 1 4 11h4a1 1 0 0 1 .866 1.5Zm2.247 0A1.058 1.058 0 0 1 11 12V4a1 1 0 0 1 2 0v8a.995.995 0 0 1-.134.5h-1.753Zm9.753 0H15V12a1 1 0 0 1 1-1h4a1 1 0 0 1 .866 1.5ZM19 18.5h2v1a1.5 1.5 0 0 1-1.498 1.5l-3.5.005a1.001 1.001 0 0 1-.71-1.706 1 1 0 0 1 .707-.294L19 19v-.5Zm-8 0h2V20a1 1 0 0 1-2 0v-1.5Z' fill='%2309141F'/%3e%3cpath d='M22 14.5H2a1 1 0 1 0 0 2h20a1 1 0 1 0 0-2Z' fill='%2327AE61'/%3e%3c/svg%3e")}.p-srch-retailer__header-control-icon_type_geolocation{background-image:url("data:image/svg+xml,%3csvg width='24' height='24' fill='none' xmlns='http://www.w3.org/2000/svg'%3e%3cpath fill-rule='evenodd' clip-rule='evenodd' d='M12 22c5.523 0 10-4.477 10-10S17.523 2 12 2 2 6.477 2 12s4.477 10 10 10Zm0-2a8 8 0 1 0 0-16 8 8 0 0 0 0 16Zm-.121-3.778c.192.705 1.178.746 1.428.059l2.644-7.27a.75.75 0 0 0-.961-.962l-7.27 2.644c-.688.25-.647 1.236.058 1.428L11 13l.879 3.222Z' fill='%23000'/%3e%3c/svg%3e")}.p-srch-retailer__feed-title-pin{background-image:url(https://yastatic.net/s3/edadeal-public-static/frontend/touch/289d362b134311/ES2018/touch_ES2018_assets/60e8b4d679062e9cdfe23d1593854f52.svg)}.p-srch-retailer__feed-empty-stub-image{background-image:url(https://yastatic.net/s3/edadeal-public-static/frontend/touch/289d362b134311/ES2018/touch_ES2018_assets/de72b3bb0949aa208b8e540bfea69318.svg)}.p-srch-retailer__menu-icon:before{background-image:url("data:image/svg+xml,%3csvg width='24' height='24' fill='none' xmlns='http://www.w3.org/2000/svg'%3e%3cpath d='M5.5 7a.5.5 0 0 1 .5-.5h12a.5.5 0 0 1 0 1H6a.5.5 0 0 1-.5-.5Zm0 5a.5.5 0 0 1 .5-.5h7.333a.5.5 0 1 1 0 1H6a.5.5 0 0 1-.5-.5Zm0 5a.5.5 0 0 1 .5-.5h10.133a.5.5 0 1 1 0 1H6a.5.5 0 0 1-.5-.5Z' fill='%2309141F' stroke='%2309141F'/%3e%3c/svg%3e")}.p-srch-retailer__shops-pre-icon{background-image:url("data:image/svg+xml,%3csvg width='16' height='16' fill='none' xmlns='http://www.w3.org/2000/svg'%3e%3cpath fill-rule='evenodd' clip-rule='evenodd' d='M2.5 6.75C2.5 3.85 4.963 1.5 8 1.5s5.5 2.351 5.5 5.25c0 2.065-1.25 3.852-3.066 4.709-1.187.588-1.883 1.203-2.125 1.845-.044.117-.18.196-.309.196-.13 0-.266-.079-.31-.197-.243-.64-.936-1.256-2.124-1.844C3.75 10.6 2.5 8.815 2.5 6.749ZM8 8.25c.868 0 1.572-.672 1.572-1.5 0-.83-.704-1.5-1.572-1.5-.868 0-1.572.671-1.572 1.5S7.132 8.25 8 8.25Z' fill='%2309141F'/%3e%3c/svg%3e")}.p-srch-retailer__favorite-toggle{background-image:url("data:image/svg+xml,%3csvg width='24' height='24' fill='none' xmlns='http://www.w3.org/2000/svg'%3e%3cpath fill-rule='evenodd' clip-rule='evenodd' d='M2 8.979c0 3.84 3.103 7.808 9.5 11.903.246.157.754.157 1 0 6.397-4.095 9.5-8.063 9.5-11.903 0-6.686-7.85-7.756-10-3.253C9.85 1.223 2 2.293 2 8.98Zm10 9.82C7 15.5 4 12.15 4 9 4 6 6 5 7.5 5c1.791 0 2.713 1.38 3.399 2.408.406.608.73 1.092 1.101 1.092.366 0 .665-.469 1.044-1.063C13.701 6.407 14.598 5 16.5 5 18 5 20 6.287 20 9c0 5-8 9.8-8 9.8Z' fill='%2309141F'/%3e%3c/svg%3e")}.p-srch-retailer .p-srch-retailer__favorite-toggle_checked_true{background-image:url("data:image/svg+xml,%3csvg width='24' height='24' fill='none' xmlns='http://www.w3.org/2000/svg'%3e%3cpath d='M11.5 20.882C5.103 16.787 2 12.819 2 8.979c0-6.686 7.85-7.756 10-3.253 2.15-4.503 10-3.433 10 3.253 0 3.84-3.103 7.808-9.5 11.903-.246.157-.754.157-1 0Z' fill='%23F55'/%3e%3c/svg%3e")}.p-srch-retailer__sort-icon{background-image:url("data:image/svg+xml,%3csvg width='16' height='16' fill='none' xmlns='http://www.w3.org/2000/svg'%3e%3cpath d='m7.998 9.334 4.793-4.79a1 1 0 1 1 1.414 1.415l-5.5 5.497a1 1 0 0 1-1.414 0l-5.5-5.497a1 1 0 1 1 1.414-1.414l4.793 4.79Z' fill='%2309141F'/%3e%3c/svg%3e")}</style><style nonce=""></style><style nonce=""></style><style nonce=""></style><style nonce="">.b-checkbox{contain:paint;position:relative}.b-checkbox-is-style-loaded{color:rgba(0,250,154,0)}.b-checkbox_disabled_true{cursor:default}.b-checkbox_disabled_true .b-checkbox__over-wrapper{display:block}.b-checkbox_hidden_true{display:none}.b-checkbox__hidden-input{padding:0;width:0}.b-checkbox__wrapper{cursor:pointer;display:flex}.b-checkbox__checkbox{cursor:pointer;display:block}.b-checkbox__label{-webkit-user-select:none;-moz-user-select:none;-ms-user-select:none;user-select:none}.b-checkbox__hidden-input{opacity:0;position:absolute;z-index:-1}.b-checkbox__checkbox{align-items:center;display:flex;justify-content:center}.b-checkbox__wrapper{align-items:center}.b-checkbox__check{background:no-repeat 50%;display:none;height:16px;width:16px}.b-checkbox .b-checkbox__label{font-family:YS Text;font-size:16px;font-weight:400;line-height:20px}.b-checkbox.b-checkbox_checked_true .b-checkbox__checkbox{background-color:#27ae61;border:2px solid #27ae61;border-radius:8px;height:24px;width:24px}.b-checkbox.b-checkbox_checked_true .b-checkbox__check{color:#fff}.b-checkbox .b-checkbox__checkbox{background-color:#fff;border:2px solid #ddd;border-radius:8px;height:24px;width:24px}.b-checkbox .b-checkbox__label{color:#09141f;margin-left:8px}.b-checkbox .b-checkbox__check{display:none}.b-checkbox.b-checkbox_checked_true .b-checkbox__check{display:block}.b-checkbox_exterior_switch.b-checkbox_checked_true .b-checkbox__checkbox{background-color:#27ae61;border:2px solid #27ae61;border-radius:100px;height:22px;width:40px}.b-checkbox_exterior_switch.b-checkbox_checked_true .b-checkbox__check{border-radius:100%;color:#fff;height:18px;transform:translateX(18px);width:18px}.b-checkbox_exterior_switch .b-checkbox__checkbox{background-color:#ddd;border:2px solid #ddd;border-radius:100px;height:22px;width:40px}.b-checkbox_exterior_switch .b-checkbox__check{background-color:#fff;border-radius:100%;color:#fff;height:18px;width:18px}.b-checkbox_exterior_switch .b-checkbox__label{color:#09141f}.b-checkbox_exterior_switch .b-checkbox__check{display:none}.b-checkbox_exterior_switch.b-checkbox_checked_true .b-checkbox__check{display:block}.b-checkbox_exterior_switch .b-checkbox__check{background-image:none;display:block;transition:transform .15s ease-in}.b-checkbox_exterior_switch .b-checkbox__checkbox{align-items:flex-start;display:flex;justify-content:flex-start;transition:background-color .15s ease-in,border-color .15s ease-in}.b-checkbox_show-error_true .b-checkbox__checkbox{border-color:#f55}.b-checkbox_exterior_switch .b-checkbox__checkbox{height:24px}.b-checkbox_exterior_switch .b-checkbox__check{height:20px;width:20px}.b-checkbox_exterior_switch.b-checkbox_checked_true .b-checkbox__check{transform:translateX(16px)}.b-checkbox__check{background-image:url("data:image/svg+xml,%3csvg width='16' height='16' fill='none' xmlns='http://www.w3.org/2000/svg'%3e%3cpath d='M12.838 5.577a.939.939 0 0 0-1.327-1.327L6.418 9.343 4.492 7.418a.939.939 0 0 0-1.327 1.327l2.585 2.584a.939.939 0 0 0 1.282.043.947.947 0 0 0 .096-.084l5.71-5.71Z' fill='%23fff'/%3e%3c/svg%3e")}</style><style nonce="">.b-srch-list-container{background-color:#fff;border-radius:24px;width:100%}.b-srch-list-container-is-style-loaded{color:rgba(0,250,154,0)}.b-srch-list-container__header{align-items:center;display:flex;height:32px;justify-content:space-between}.b-srch-list-container__title{color:#09141f;font-family:YS Text;font-size:20px;font-weight:700;line-height:24px}.b-srch-list-container__header-wrapper:not(:last-child),.b-srch-list-container__item:not(:last-child){border-bottom:1px solid #eef0f1}.b-srch-list-container__content{list-style-type:none;margin:0;padding:0}.b-srch-list-container__header-wrapper,.b-srch-list-container_padding_true.b-srch-list-container_header-padding_true .b-srch-list-container{padding:14px 16px 10px}.b-srch-list-container__header-wrapper__title,.b-srch-list-container_padding_true.b-srch-list-container_header-padding_true .b-srch-list-container__title{padding-left:4px}.b-srch-list-container_padding_true.b-srch-list-container_content-padding_true .b-srch-list-container__content{padding:0 16px}.b-srch-list-container_padding_true.b-srch-list-container_content-padding_true .b-srch-list-container__content:first-child{padding-top:2px}.b-srch-list-container_padding_true.b-srch-list-container_content-padding_true .b-srch-list-container__content:last-child{padding-bottom:2px}.b-srch-list-container_padding_true.b-srch-list-container_item-padding_true .b-srch-list-container__item{padding:16px 0}</style><style nonce="">.b-srch-subscribe-is-style-loaded{color:rgba(0,250,154,0)}.b-srch-subscribe_redesign_false{align-items:center;border:1px solid #d8dbde;border-radius:16px;display:flex;padding:16px}.b-srch-subscribe_exterior_bell,.b-srch-subscribe_exterior_checkbox{border:0;padding:0}.b-srch-subscribe_exterior_radio{border:0}.b-srch-subscribe_exterior_plank.b-srch-subscribe_has-description_true{align-items:flex-start}.b-srch-subscribe_exterior_plank.b-srch-subscribe_has-description_true .b-srch-subscribe__control{margin-top:8px}.b-srch-subscribe__title{font-family:YS Text;font-size:16px;font-weight:400;line-height:20px;width:calc(100% - 12px)}.b-srch-subscribe__switch{height:24px;width:40px}.b-srch-subscribe__icon{background:no-repeat 50%;height:24px;width:24px}.b-srch-subscribe__icon-wrapper{align-items:center;background-color:#fff;border-radius:50%;display:flex;flex-shrink:0;height:40px;justify-content:center;margin-right:16px;width:40px}.b-srch-subscribe__control{height:24px;margin-left:auto;min-width:40px;position:relative;width:40px}.b-srch-subscribe__loader{display:none;height:24px;left:calc(50% - 12px);position:absolute;top:calc(50% - 12px);width:24px}.b-srch-subscribe__description{color:#9ca3ab;font-family:YS Text;font-size:13px;font-weight:500;line-height:16px;margin-top:8px}.b-srch-subscribe__radio-title{flex:1}.b-srch-subscribe__wrapper{margin-left:auto}.b-srch-subscribe[placement=offer-wall]{margin:20px 16px}.b-srch-subscribe_exterior_radio .b-srch-subscribe__loader{margin-left:-7px}.b-srch-subscribe_exterior_radio.b-srch-subscribe_subscribed_true{pointer-events:none}.b-srch-subscribe_exterior_plank.b-srch-subscribe_has-data_false .b-srch-subscribe__loader{display:block}.b-srch-subscribe_exterior_plank.b-srch-subscribe_has-data_false .b-srch-subscribe__switch{display:none}.b-srch-subscribe_subscribed_false .b-srch-subscribe__bell,.b-srch-subscribe_subscribed_true .b-srch-subscribe__bell{background:no-repeat 50%;height:24px;width:24px}.b-srch-subscribe_subscription-progress_true .b-srch-subscribe__loader{display:block}.b-srch-subscribe_subscription-progress_true .b-srch-subscribe__switch{display:none;pointer-events:none}.b-srch-subscribe_subscription-progress_true .b-srch-subscribe__bell{background:no-repeat 50%;height:24px;opacity:.5;pointer-events:none;width:24px}.b-srch-subscribe_exterior_radio .b-srch-subscribe__wrapper{display:flex;width:100%}.b-srch-subscribe_redesign_true .b-srch-subscribe__body{align-items:center;display:flex}.b-srch-subscribe_redesign_true .b-srch-subscribe__icon-wrapper{background-color:rgba(255,0,0,.12);margin-right:12px}.b-srch-subscribe_redesign_true .b-srch-subscribe__icon{background:no-repeat 50%;height:24px;transform:scale(.833333333333333);width:24px}.b-srch-subscribe_redesign_true .b-srch-subscribe__info{color:#9ca3ab;font-family:YS Text;font-size:16px;font-weight:400;line-height:20px}.b-srch-subscribe_redesign_true .b-srch-subscribe__control{height:24px}.b-srch-subscribe_redesign_true.b-srch-subscribe_subscribed_true .b-srch-subscribe__icon{background:no-repeat 50%;height:24px;width:24px}.b-srch-subscribe__icon,.b-srch-subscribe_subscription-progress_true .b-srch-subscribe__bell{background-image:url("data:image/svg+xml,%3csvg width='24' height='24' fill='none' xmlns='http://www.w3.org/2000/svg'%3e%3cpath d='M11.5 20.882C5.103 16.787 2 12.819 2 8.979c0-6.686 7.85-7.756 10-3.253 2.15-4.503 10-3.433 10 3.253 0 3.84-3.103 7.808-9.5 11.903-.246.157-.754.157-1 0Z' fill='%23C3C8CC'/%3e%3c/svg%3e")}.b-srch-subscribe_subscribed_true .b-srch-subscribe__bell{background-image:url("data:image/svg+xml,%3csvg width='24' height='24' fill='none' xmlns='http://www.w3.org/2000/svg'%3e%3cpath d='M11.5 20.882C5.103 16.787 2 12.819 2 8.979c0-6.686 7.85-7.756 10-3.253 2.15-4.503 10-3.433 10 3.253 0 3.84-3.103 7.808-9.5 11.903-.246.157-.754.157-1 0Z' fill='%23F55'/%3e%3c/svg%3e")}.b-srch-subscribe_subscribed_false .b-srch-subscribe__bell{background-image:url("data:image/svg+xml,%3csvg width='24' height='24' fill='none' xmlns='http://www.w3.org/2000/svg'%3e%3cpath fill-rule='evenodd' clip-rule='evenodd' d='M2 8.979c0 3.84 3.103 7.808 9.5 11.903.246.157.754.157 1 0 6.397-4.095 9.5-8.063 9.5-11.903 0-6.686-7.85-7.756-10-3.253C9.85 1.223 2 2.293 2 8.98Zm10 9.82C7 15.5 4 12.15 4 9 4 6 6 5 7.5 5c1.791 0 2.713 1.38 3.399 2.408.406.608.73 1.092 1.101 1.092.366 0 .665-.469 1.044-1.063C13.701 6.407 14.598 5 16.5 5 18 5 20 6.287 20 9c0 5-8 9.8-8 9.8Z' fill='%2309141F'/%3e%3c/svg%3e")}.b-srch-subscribe_redesign_true .b-srch-subscribe__icon{background-image:url("data:image/svg+xml,%3csvg width='24' height='24' fill='%23f00' xmlns='http://www.w3.org/2000/svg'%3e%3cpath fill-rule='evenodd' clip-rule='evenodd' d='M2 8.979c0 3.84 3.103 7.808 9.5 11.903.246.157.754.157 1 0 6.397-4.095 9.5-8.063 9.5-11.903 0-6.686-7.85-7.756-10-3.253C9.85 1.223 2 2.293 2 8.98Zm10 9.82C7 15.5 4 12.15 4 9 4 6 6 5 7.5 5c1.791 0 2.713 1.38 3.399 2.408.406.608.73 1.092 1.101 1.092.366 0 .665-.469 1.044-1.063C13.701 6.407 14.598 5 16.5 5 18 5 20 6.287 20 9c0 5-8 9.8-8 9.8Z' fill='%23f00' /%3e%3c/svg%3e")}.b-srch-subscribe_redesign_true.b-srch-subscribe_subscribed_true .b-srch-subscribe__icon{background-image:url("data:image/svg+xml,%3csvg width='24' height='24' fill='%23f00' xmlns='http://www.w3.org/2000/svg'%3e%3cpath d='M11.5 20.882C5.103 16.787 2 12.819 2 8.979c0-6.686 7.85-7.756 10-3.253 2.15-4.503 10-3.433 10 3.253 0 3.84-3.103 7.808-9.5 11.903-.246.157-.754.157-1 0Z' fill='%23f00' /%3e%3c/svg%3e")}</style><style nonce="">.b-shopping-list-badge{align-items:center;box-sizing:border-box;color:#fff;display:inline-flex;justify-content:center;min-width:24px;padding:4px}.b-shopping-list-badge-is-style-loaded{color:rgba(0,250,154,0)}.b-shopping-list-badge__count{background-color:#4d4d4d;border-radius:4px;display:none;font-family:YS Text;font-size:14px;font-weight:500;line-height:18px;padding:2px 8px;text-align:center}.b-shopping-list-badge__count:empty:after{color:#4d4d4d;content:"1"}.b-shopping-list-badge__check{display:none}.b-shopping-list-badge__add-to-list,.b-shopping-list-badge__check{background:no-repeat 50%;height:24px;width:24px}.b-shopping-list-badge_mode_extended .b-shopping-list-badge__toggle-element_checked_true{display:none}.b-shopping-list-badge_mode_simple .b-shopping-list-badge__toggle-element_checked_true .b-shopping-list-badge__check{display:block}.b-shopping-list-badge_mode_simple .b-shopping-list-badge__toggle-element_checked_true .b-shopping-list-badge__add-to-list{display:none}.b-shopping-list-badge_mode_extended .b-shopping-list-badge__toggle-element_checked_true~.b-shopping-list-badge__count{display:block}.b-shopping-list-badge_exterior_plus-round .b-shopping-list-badge__count{border-radius:12px;font-family:YS Text;font-size:13px;font-weight:700;height:32px;line-height:16px;min-width:32px;padding-top:8px}.b-shopping-list-badge__check{background-image:url("data:image/svg+xml,%3csvg width='24' height='24' fill='none' xmlns='http://www.w3.org/2000/svg'%3e%3cpath fill-rule='evenodd' clip-rule='evenodd' d='M11.005 17.017s.167-.198.495-.517c.328-.319 8.147-7.748 8.392-8.018.245-.269.11-.961-.214-1.23-.324-.267-.816-.399-1.265 0-.448.4-7.408 7.343-7.408 7.343s-3.042-3.06-3.417-3.391c-.374-.331-.954-.23-1.335.106s-.265 1.061-.082 1.255c.184.195 4.834 4.452 4.834 4.452Z' fill='%2309141F'/%3e%3c/svg%3e")}.b-shopping-list-badge__add-to-list{background-image:url("data:image/svg+xml,%3csvg width='24' height='24' fill='none' xmlns='http://www.w3.org/2000/svg'%3e%3cpath d='M20 13a1 1 0 1 0 0-2h-7V4a1 1 0 1 0-2 0v7H4a1 1 0 1 0 0 2h7v7a1 1 0 1 0 2 0v-7h7Z' fill='%2309141F'/%3e%3c/svg%3e")}</style><style nonce="">.b-srch-nano-card-list-is-style-loaded{color:rgba(0,250,154,0)}.b-srch-nano-card-list__container{list-style-type:none;padding:0}.b-srch-nano-card-list__item{align-items:center;border-top:1px dashed #d8dbde;display:flex;padding:8px 0 12px}.b-srch-nano-card-list_top-border_false .b-srch-nano-card-list__item:first-child{border-top:none;padding-top:0}.b-srch-nano-card-list_bottom-border_false .b-srch-nano-card-list__item:last-child{padding-bottom:0}.b-srch-nano-card-list_bottom-border_true .b-srch-nano-card-list__item:last-child{border-bottom:1px dashed #d8dbde}.b-srch-nano-card-list__item-description{width:calc(100% - 40px)}.b-srch-nano-card-list__item-partner,.b-srch-nano-card-list__item-price-wrapper{align-items:center;display:flex}.b-srch-nano-card-list__item-partner-title{color:#6a7788;font-family:YS Text;font-size:13px;font-weight:500;line-height:16px;max-width:100%;overflow:hidden;text-overflow:ellipsis;white-space:nowrap}.b-srch-nano-card-list__item-partner-icon{display:block;height:16px;margin-left:6px;-o-object-fit:contain;object-fit:contain;width:16px}.b-srch-nano-card-list__item-labels{margin-top:4px}.b-srch-nano-card-list__item-price-wrapper{flex-wrap:wrap;margin:2px 0 0 -9px}.b-srch-nano-card-list__item-price{margin-left:9px}.b-srch-nano-card-list__item-price_discount-label{font-family:YS Text;font-size:13px;font-weight:500;line-height:16px}.b-srch-nano-card-list__item-price_discount-label,.b-srch-nano-card-list__item-price_old{padding:0}.b-srch-nano-card-list__item-control{align-items:center;display:flex;justify-content:flex-end;margin-left:8px;width:32px}.b-srch-nano-card-list__item-cart-icon{background:no-repeat 50%;background-image:url("data:image/svg+xml,%3csvg width='24' height='24' fill='none' xmlns='http://www.w3.org/2000/svg'%3e%3cpath d='M8 21.5a1 1 0 1 0 0-2 1 1 0 0 0 0 2ZM19 21.5a1 1 0 1 0 0-2 1 1 0 0 0 0 2Z' fill='%2309141F' stroke='%2309141F' stroke-width='1.5' stroke-miterlimit='10' stroke-linecap='square'/%3e%3cpath d='M5.938 5.667h-1v2h1v-2ZM2.5 1a1 1 0 0 0 0 2V1Zm4.298 13.256-.991.129.991-.129Zm-.86-6.59h13.137v-2H5.938v2Zm14.119 1.191-1.034 5.333 1.963.381 1.034-5.333-1.963-.381ZM18.04 15h-9.26v2h9.26v-2Zm-10.25-.872L6.43 3.615l-1.983.257 1.359 10.513 1.983-.257ZM3.455 1H2.5v2h.956V1Zm2.975 2.615A3 3 0 0 0 3.456 1v2a1 1 0 0 1 .992.872l1.983-.257ZM8.781 15a1 1 0 0 1-.99-.872l-1.984.257A3 3 0 0 0 8.782 17v-2Zm10.242-.81a1 1 0 0 1-.982.81v2a3 3 0 0 0 2.945-2.429l-1.963-.38Zm.052-6.523a1 1 0 0 1 .982 1.19l1.963.38a3 3 0 0 0-2.945-3.57v2Z' fill='%2309141F'/%3e%3c/svg%3e");height:24px;width:24px}</style><style nonce="">.b-srch-card{display:flex;flex-direction:column;position:relative}.b-srch-card__like-badge{height:24px;margin-right:16px;position:relative;width:24px}.b-srch-card__like-filled-icon,.b-srch-card__like-icon{background:no-repeat 50%;height:24px;width:24px}.b-srch-card__like-filled-icon{left:0;position:absolute;top:0}.b-srch-card_with-like_true.b-srch-card_view_default .b-srch-card__badge{padding:4px 0}.b-srch-card_with-like_true.b-srch-card_view_default .b-srch-card__body>:last-child{margin-right:64px}.b-srch-card_liked_false .b-srch-card__like-filled-icon,.b-srch-card_liked_true .b-srch-card__like-icon{display:none}.b-srch-card-is-style-loaded{color:rgba(0,250,154,0)}.b-srch-card:empty{display:none}.b-srch-card__title{-webkit-box-orient:vertical;-webkit-line-clamp:2;display:-webkit-box;font-family:YS Text;font-size:16px;font-weight:400;line-height:20px;max-width:100%;overflow:hidden}.b-srch-card__info,.b-srch-card__title{text-align:left}.b-srch-card__date,.b-srch-card__info{font-family:YS Text;font-size:13px;font-weight:400;line-height:16px}.b-srch-card__info{color:#9ca3ab}.b-srch-card__item:not(:last-child){margin-bottom:4px}.b-srch-card__price{display:flex;flex-wrap:wrap;max-width:100%}.b-srch-card__price-old{color:#9ca3ab;padding-top:0}.b-srch-card__toggle-elements{align-items:center;display:flex;height:48px;justify-content:center;margin:-16px -16px 0;width:48px}.b-srch-card__to-cash{color:#9ca3ab;font-family:YS Text;font-size:14px;font-weight:400;line-height:20px;margin-left:8px;margin-right:4px}.b-srch-card__shopping-list-control{order:2}.b-srch-card__from-cash{font-family:YS Text;font-size:18px;font-weight:700;line-height:24px;margin-right:4px}.b-srch-card__survey-segment{align-items:center;background-color:#fff;display:flex;justify-content:space-between;padding:0 16px 12px}.b-srch-card__survey-quality{background-color:#fff;margin-top:2px;padding:16px 24px;position:relative}.b-srch-card__survey-quality-actions{display:flex;justify-content:space-between}@media screen and (max-width:360px){.b-srch-card__survey-quality-button{height:50px;width:50px}}.b-srch-card__survey-quality-title{font-family:YS Text;font-size:22px;font-weight:700;line-height:26px;margin-bottom:16px;text-align:center}.b-srch-card__survey-quality-feedback{display:none;left:0;padding:0 16px;position:absolute;top:50%;transform:translateY(-50%);width:100%}.b-srch-card__survey-quality-feedback .b-srch-card__survey-quality-title{margin-bottom:0}.b-srch-card_hide-survey_true .b-srch-card__survey-segment{display:none}.b-srch-card_hide-survey_true .b-srch-card__survey-quality-content{visibility:hidden}.b-srch-card_hide-survey_true .b-srch-card__survey-quality-feedback{display:block}.b-srch-card__question{font-family:YS Text;font-size:14px;font-weight:400;line-height:18px;margin:0 12px;text-align:center}.b-srch-card__main-img{background-blend-mode:darken;background-position:50%;border-radius:8px;overflow:hidden}.b-srch-card__main-img,.b-srch-card__partner-img{background-repeat:no-repeat;background-size:contain}.b-srch-card__partner-img{border-radius:50%}.b-srch-card__discount-label{display:inline-block}.b-srch-card_view_default .b-srch-card{display:flex;flex-direction:column}.b-srch-card_view_default .b-srch-card:empty{display:none}.b-srch-card_view_default .b-srch-card__title{-webkit-box-orient:vertical;-webkit-line-clamp:2;display:-webkit-box;margin-bottom:8px;margin-right:24px;overflow:hidden}.b-srch-card_view_default .b-srch-card__price-new{font-family:YS Text;font-size:18px;font-weight:700;line-height:24px;margin-right:2px}.b-srch-card_view_default .b-srch-card__price-old{font-family:YS Text;font-size:14px;font-weight:400;line-height:18px;padding:0;transform:translateY(-2px)}.b-srch-card_view_default .b-srch-card__to-cash{color:#9ca3ab;font-family:YS Text;font-size:14px;font-weight:400;line-height:18px;margin-left:4px;margin-right:0}.b-srch-card_view_default .b-srch-card__to-cash:first-child{margin-left:0}.b-srch-card_view_default .b-srch-card__to-cash-wrapper{display:inline-block;transform:translateY(-2px)}.b-srch-card_view_default .b-srch-card__from-cash-wrapper{margin-bottom:4px}.b-srch-card_view_default .b-srch-card__created{background-color:#fff;display:block;font-family:YS Text;font-size:16px;font-weight:500;line-height:20px;margin:12px 0 2px;padding:16px;width:100%}.b-srch-card_view_default .b-srch-card__content{background-color:#fff;border-radius:0;display:flex;overflow:unset;padding:12px 16px;position:relative}.b-srch-card_view_default .b-srch-card__card{display:flex;flex-direction:column;justify-content:space-between;width:calc(100% - 132px)}.b-srch-card_view_default .b-srch-card__body{position:relative;width:100%}.b-srch-card_view_default .b-srch-card__body>:last-child{margin-right:24px}.b-srch-card_view_default .b-srch-card__img{height:120px;margin-right:12px;width:120px}.b-srch-card_view_default .b-srch-card__main-img{background-color:rgba(43,159,255,.04);height:120px;width:120px}.b-srch-card_view_default .b-srch-card__partner-img{background-repeat:no-repeat;background-size:contain;border-radius:50%;height:24px;position:absolute;right:16px;top:12px;width:24px}.b-srch-card_view_default .b-srch-card__retailer-name{font-family:YS Text;font-size:13px;font-weight:500;line-height:16px;margin-right:6px;max-width:calc(100vw - 268px);overflow:hidden;text-overflow:ellipsis;white-space:nowrap}.b-srch-card_view_default .b-srch-card__ecom-button .b-tpl-button{margin-right:10px;max-width:-webkit-max-content;max-width:-moz-max-content;max-width:max-content}.b-srch-card_view_default .b-srch-card__ecom-button .b-tpl-button__button{font-family:YS Text;font-size:14px;font-weight:500;line-height:20px}.b-srch-card_view_default .b-srch-card__ecom-button .b-button__value{display:block;overflow:hidden;text-overflow:ellipsis;white-space:nowrap}.b-srch-card_view_default .b-srch-card__date{color:#9ca3ab}.b-srch-card_view_default .b-srch-card__date_feature_true{background-color:#fff8f8;border-radius:8px;color:#f55;padding:4px 8px}.b-srch-card_view_default .b-srch-card__head{align-items:center;display:flex;height:24px;justify-content:space-between;margin-bottom:4px;margin-right:24px}.b-srch-card_view_default .b-srch-card__price{margin-bottom:4px}.b-srch-card_view_default .b-srch-card__info:last-child{line-height:18px;margin-top:4px}.b-srch-card_view_default .b-srch-card__meta-info{display:flex}.b-srch-card_view_default .b-srch-card__meta-info-stores-limited{color:#9ca3ab}.b-srch-card_view_default .b-srch-card__discount-label{display:inline-block;margin-left:4px;margin-right:8px;transform:translateY(-2px)}.b-srch-card_view_default .b-srch-card__toggle-elements{bottom:-6px;height:auto;margin:0;position:absolute;right:-4px;width:auto}.b-srch-card_view_default .b-srch-card__toggle-elements_pos-type_price{bottom:-4px}.b-srch-card_view_default .b-srch-card__toggle-elements_pos-type_ecom{bottom:0}.b-srch-card_view_partner .b-srch-card{width:100%}.b-srch-card_view_partner .b-srch-card__content{display:flex;padding:16px 0}.b-srch-card_view_partner .b-srch-card__img{height:36px;margin-right:12px;width:36px}.b-srch-card_view_partner .b-srch-card__main-img{border-radius:50%;height:36px;width:36px}.b-srch-card_view_partner .b-srch-card__toggle-elements{position:absolute;right:0;top:27px}.b-srch-card_view_partner .b-srch-card__partner-title{font-family:YS Text;font-size:13px;font-weight:400;line-height:16px}.b-srch-card_view_partner .b-srch-card__body-header{display:flex}.b-srch-card_view_partner .b-srch-card__price-new{margin-right:8px}.b-srch-card_view_partner .b-srch-card__price-old{margin-right:8px;padding-left:0;padding-right:0}.b-srch-card_view_partner .b-srch-card__to-cash{margin-left:0}.b-srch-card_view_partner .b-srch-card__price-wrapper{display:flex}.b-srch-card_view_preview{display:block;width:132px}.b-srch-card_size_s.b-srch-card_view_preview{width:112px}.b-srch-card_size_l.b-srch-card_view_preview{width:156px}.b-srch-card_view_preview.b-srch-card_size_m .b-srch-card__image-container{height:132px;width:132px}.b-srch-card_view_preview.b-srch-card_size_m .b-srch-card__main-img{height:116px;width:116px}.b-srch-card_view_preview.b-srch-card_size_s .b-srch-card__image-container{height:112px;width:112px}.b-srch-card_view_preview.b-srch-card_size_s .b-srch-card__main-img{height:96px;width:96px}.b-srch-card_view_preview.b-srch-card_size_l .b-srch-card__image-container{height:156px;width:156px}.b-srch-card_view_preview.b-srch-card_size_l .b-srch-card__main-img{height:140px;width:140px}.b-srch-card_view_preview.b-srch-card:nth-child(n){margin-bottom:16px}.b-srch-card_view_preview .b-srch-card__title{-webkit-box-orient:vertical;-webkit-line-clamp:3;display:-webkit-box;font-family:YS Text;font-size:13px;font-weight:400;line-height:16px;margin-bottom:5px;overflow:hidden}.b-srch-card_view_preview .b-srch-card__title_cutted_true{-webkit-box-orient:vertical;-webkit-line-clamp:2;display:-webkit-box;overflow:hidden}.b-srch-card_view_preview .b-srch-card__image-container{background-color:#f3f4f4;border-radius:18px;height:132px;padding:8px;position:relative;width:132px}.b-srch-card_view_preview .b-srch-card__main-img{border-radius:12px;height:116px;width:116px}.b-srch-card_view_preview .b-srch-card__discount-label{bottom:0;left:0;position:absolute}.b-srch-card_view_preview .b-srch-card__content-container{margin:8px 6px 0}.b-srch-card_view_preview .b-srch-card__info{font-family:YS Text;font-size:11px;font-weight:400;line-height:14px;margin-bottom:5px}.b-srch-card_view_preview .b-srch-card__price-new{margin-right:4px}.b-srch-card_view_preview .b-srch-card__price-old{padding:0}.b-srch-card_view_preview .b-srch-card__ecom-button{margin-top:10px}.b-srch-card_view_preview .b-srch-card__ecom-button .b-tpl-button{align-items:center;display:flex;justify-content:center}.b-srch-card_view_preview .b-srch-card__toggle-elements{background-color:hsla(0,0%,100%,.88);border-radius:12px;height:32px;margin:0;position:absolute;right:8px;top:8px;width:32px}.b-srch-card_view_preview .b-srch-card__card-label{margin-top:5px}.b-srch-card__show-date-false .b-srch-card__head{height:0;margin-bottom:0}.b-srch-card__show-date-false .b-srch-card__title{-webkit-box-orient:vertical;-webkit-line-clamp:3;display:-webkit-box;overflow:hidden}.b-srch-card__ctlg-sub{background-color:#fff;margin-bottom:16px;margin-top:16px}.b-srch-card__ctlg-sub-img-wrapper{align-items:center;background-color:#f3f4f4;display:flex;justify-content:center}.b-srch-card__ctlg-sub-control{pointer-events:none}.b-srch-card__notification-icon{background:no-repeat 50%;height:24px;width:24px}.b-srch-card__helpers{display:none}.b-srch-card__show_date_false:not(.b-srch-card__retailer_name_true) .b-srch-card__head{height:0;margin-bottom:0}.b-srch-card__show_date_false:not(.b-srch-card__retailer_name_true) .b-srch-card__title{-webkit-box-orient:vertical;-webkit-line-clamp:3;display:-webkit-box;overflow:hidden}.b-srch-card__show_date_false .b-srch-card__retailer-name{max-width:none}.b-srch-card__retailer_hide_true .b-srch-card__head,.b-srch-card__retailer_hide_true .b-srch-card__title{margin-right:0}.b-srch-card__nano-cards{margin-top:12px}.b-srch-card__like-icon{background-image:url("data:image/svg+xml,%3csvg width='24' height='24' fill='none' xmlns='http://www.w3.org/2000/svg'%3e%3cpath fill-rule='evenodd' clip-rule='evenodd' d='M21 12c0-1.987-1.163-3.314-3.14-3.314h-2.765c.084-.87.126-1.66.126-2.37 0-1.86-1.715-3.316-3.449-3.316-1.338 0-1.713.767-1.94 2.542-.004.03-.09.722-.119.942a19 19 0 0 1-.173 1.074c-.258 1.34-.936 2.79-1.635 3.639a2.193 2.193 0 0 0-.432-.302c-.386-.206-.837-.316-1.486-.316h-.29c-.649 0-1.1.11-1.485.316-.386.207-.69.51-.896.896-.206.386-.316.836-.316 1.485v5.027c0 .649.11 1.1.316 1.485.207.386.51.69.896.896.386.206.836.316 1.485.316h.29c.649 0 1.1-.11 1.486-.316.222-.12.418-.27.583-.452.66.497 1.591.768 2.827.768H15.1c1.408 0 2.431-.524 3.083-1.409.268-.364.385-.617.565-1.104a.766.766 0 0 1 .153-.203l.197-.199h.001c.128-.128.28-.28.349-.353.306-.328.546-.654.741-1.045.338-.675.384-1.192.32-2.059-.025-.332-.026-.44-.008-.514.032-.137.07-.25.139-.424l.063-.156c.207-.523.297-.92.297-1.534Zm-9.41-5.263c.033-.238.123-.964.121-.955.059-.458.108-.728.16-.883.72.055 1.455.71 1.455 1.417 0 .905-.076 1.972-.23 3.2a.947.947 0 0 0 .94 1.065h3.824c.87 0 1.245.427 1.245 1.419 0 .35-.038.518-.163.835l-.064.158c-.099.25-.164.443-.22.682-.08.337-.08.555-.039 1.095.041.552.021.779-.124 1.07-.106.21-.24.393-.43.597l-.25.251c-.121.122-.25.25-.301.306-.252.27-.428.524-.543.835-.12.327-.182.46-.313.639-.297.403-.755.637-1.558.637h-4.217c-1.737 0-2.195-.538-2.195-1.895v-4.12c1.242-1.046 2.329-3.18 2.713-5.174.074-.383.133-.76.19-1.179Zm-6.485 5.83c.11-.06.263-.093.592-.093h.29c.33 0 .482.033.592.092a.26.26 0 0 1 .118.118c.059.11.092.263.092.592v5.027c0 .329-.033.482-.092.592a.26.26 0 0 1-.118.118c-.11.059-.263.092-.592.092h-.29c-.329 0-.482-.033-.592-.092a.26.26 0 0 1-.118-.118c-.059-.11-.092-.263-.092-.592v-5.027c0-.33.033-.482.092-.592a.26.26 0 0 1 .118-.118Z' fill='%2309141F'/%3e%3c/svg%3e")}.b-srch-card__like-filled-icon{background-image:url("data:image/svg+xml,%3csvg width='24' height='24' fill='none' xmlns='http://www.w3.org/2000/svg'%3e%3cpath fill-rule='evenodd' clip-rule='evenodd' d='M14.9 5.5C14.9 4 13.418 3 12.26 3c-.806 0-.869.612-.993 1.82-.055.53-.121 1.174-.267 1.93-.386 2.002-1.72 4.56-2.996 5.325V18C8 20.25 8.75 21 12 21h3.773c2.176 0 2.703-1.433 2.899-1.964l.013-.036c.114-.306.358-.547.638-.82.31-.306.664-.653.927-1.18.311-.623.27-1.177.233-1.67-.023-.299-.044-.575.017-.83.064-.27.146-.475.225-.671.143-.356.275-.686.275-1.329 0-1.5-.748-2.498-2.315-2.498H14.5S14.9 7 14.9 5.5ZM4.5 11A1.5 1.5 0 0 0 3 12.5v7a1.5 1.5 0 0 0 3 0v-7A1.5 1.5 0 0 0 4.5 11Z' fill='%23000'/%3e%3c/svg%3e")}.b-srch-card__notification-icon{background-image:url("data:image/svg+xml,%3csvg width='24' height='24' fill='none' xmlns='http://www.w3.org/2000/svg'%3e%3cpath d='M11.5 20.882C5.103 16.787 2 12.819 2 8.979c0-6.686 7.85-7.756 10-3.253 2.15-4.503 10-3.433 10 3.253 0 3.84-3.103 7.808-9.5 11.903-.246.157-.754.157-1 0Z' fill='%23F55'/%3e%3c/svg%3e")}</style><style nonce="">.b-bottom-sticky-is-style-loaded{color:rgba(0,250,154,0)}.b-bottom-sticky__float{bottom:0;left:50%;position:fixed}.b-bottom-sticky_width_full .b-bottom-sticky__float{width:100%}</style><style nonce="">.b-drugs-disclaimer-is-style-loaded{color:rgba(0,250,154,0)}.b-drugs-disclaimer_padding_true{padding:16px}.b-drugs-disclaimer__info{color:#9ca3ab;font-family:YS Text;font-size:11px;font-weight:400;line-height:14px;margin-top:8px}.b-drugs-disclaimer_font-size_l .b-drugs-disclaimer__info{font-family:YS Text;font-size:13px;font-weight:400;line-height:16px}</style><style nonce="">.b-disclaimer{background-color:#fff}.b-disclaimer-is-style-loaded{color:rgba(0,250,154,0)}</style><style nonce="">.b-adult-disclaimer-is-style-loaded{color:rgba(0,250,154,0)}.b-adult-disclaimer__unconfirmed{align-items:center;display:flex}.b-adult-disclaimer_padding_true{padding:16px}.b-adult-disclaimer__img{background-position:50% 50%;background-repeat:no-repeat;background-size:contain;height:120px;margin-right:16px;width:120px}.b-adult-disclaimer__content{flex-grow:1}.b-adult-disclaimer__title-confirmed{font-family:YS Text;font-size:16px;font-weight:500;line-height:20px}.b-adult-disclaimer__info{color:#9ca3ab;font-family:YS Text;font-size:11px;font-weight:400;line-height:14px;margin-top:8px}.b-adult-disclaimer__description{font-family:YS Text;font-size:16px;font-weight:500;line-height:20px;max-width:200px}.b-adult-disclaimer__confirm{margin-top:12px;max-width:150px}.b-adult-disclaimer_font-size_l .b-adult-disclaimer__title-confirmed{font-family:YS Text;font-size:18px;font-weight:500;line-height:24px}.b-adult-disclaimer_font-size_l .b-adult-disclaimer__info{font-family:YS Text;font-size:13px;font-weight:400;line-height:16px}.b-disclaimer_confirmed_true .b-adult-disclaimer__confirmed{display:block}.b-disclaimer_confirmed_false .b-adult-disclaimer__unconfirmed{display:flex}.b-disclaimer_confirmed_false .b-adult-disclaimer__confirmed,.b-disclaimer_confirmed_true .b-adult-disclaimer__unconfirmed{display:none}</style><style nonce="">.b-header{background:#fff;color:#09141f}.b-header-is-style-loaded{color:rgba(0,250,154,0)}.b-header__container{align-items:center;display:flex;height:100%;width:100%}.b-header__left,.b-header__right{flex:0 0 auto;font-size:0}.b-header__center{flex:1 1 auto;overflow:hidden}.b-header__icon{font-size:24px}.b-header_bg_false{background:transparent;color:#fff}.b-header_edge_true{box-shadow:0 1px 0 #d8dbde}.b-header_animated_true{transition:background-color .1s cubic-bezier(.5,.5,.1,1),box-shadow .3s cubic-bezier(.5,.5,.1,1)}.b-header_height_standard{height:56px}.b-header_padding_true .b-header__container{padding:0 16px}.b-header_color_current .b-header__icon{color:currentColor}.b-header_center-slot_false .b-header__center{visibility:hidden}.b-back-header{background:#fff;color:#09141f}.b-back-header-is-style-loaded{color:rgba(0,250,154,0)}.b-back-header__container{align-items:center;display:flex;height:100%;width:100%}.b-back-header__left,.b-back-header__right{flex:0 0 auto;font-size:0}.b-back-header__center{flex:1 1 auto;overflow:hidden}.b-back-header__icon{font-size:24px}.b-back-header_bg_false{background:transparent;color:#fff}.b-back-header_edge_true{box-shadow:0 1px 0 #d8dbde}.b-back-header_animated_true{transition:background-color .1s cubic-bezier(.5,.5,.1,1),box-shadow .3s cubic-bezier(.5,.5,.1,1)}.b-back-header_height_standard{height:56px}.b-back-header_padding_true .b-back-header__container{padding:0 16px}.b-back-header_color_current .b-back-header__icon{color:currentColor}.b-back-header_center-slot_false .b-back-header__center{visibility:hidden}.b-back-header__title{color:#09141f;font-family:YS Text;font-size:18px;font-weight:500;line-height:28px;margin:0 16px;overflow:hidden;text-overflow:ellipsis;white-space:nowrap}.b-back-header_color_current .b-back-header__right-container,.b-back-header_color_current .b-back-header__title{color:currentColor}.b-back-header_border_true{border-bottom:1px solid #d8dbde}.b-back-header_title-size_l .b-back-header__title{font-family:YS Text;font-size:22px;font-weight:700;line-height:26px}</style><style nonce="">.b-fab{-webkit-user-select:none;-moz-user-select:none;-ms-user-select:none;user-select:none}.b-fab-is-style-loaded{color:rgba(0,250,154,0)}.b-fab__wrapper{display:flex;justify-content:center;padding:16px 0}.b-fab__fab{box-shadow:0 0 8px rgba(0,0,0,.12),0 6px 8px rgba(76,88,103,.12);transform:translateY(calc(100% - 16px)) scale(0);transition:transform .2s ease-in-out}.b-fab_hidden_false .b-fab__fab{transform:translateY(0) scale(1)}</style><style nonce="">.b-popover{background-color:#267af2;border-radius:16px;box-shadow:0 20px 40px rgba(9,20,31,.15);color:#fff;font-family:YS Text;font-size:14px;font-weight:500;line-height:20px;z-index:10}.b-popover-is-style-loaded{color:rgba(0,250,154,0)}.b-popover__root-wrapper{border-radius:inherit;overflow:hidden}.b-popover_opened_false{display:none}.b-popover__before-text:empty{padding-bottom:8px}.b-popover__text{padding:8px 16px}.b-popover__after-text:empty{padding-top:8px}.b-popover__arrow{-webkit-background-clip:text;background-clip:text}.b-popover__arrow,.b-popover__arrow:before{background-color:inherit;height:9px;position:absolute;width:24px}.b-popover__arrow:before{content:"";-webkit-mask:url("data:image/svg+xml,%3csvg xmlns='http://www.w3.org/2000/svg' viewBox='0 0 24 9'%3e%3cpath d='M24 8v1H0V8c6 0 10-3 12-8 2 5 6 8 12 8z'/%3e%3c/svg%3e");mask:url("data:image/svg+xml,%3csvg xmlns='http://www.w3.org/2000/svg' viewBox='0 0 24 9'%3e%3cpath d='M24 8v1H0V8c6 0 10-3 12-8 2 5 6 8 12 8z'/%3e%3c/svg%3e");-webkit-mask-size:cover;mask-size:cover}.b-popover[data-popper-placement^=top]>.b-popover__arrow{bottom:-8px}.b-popover[data-popper-placement^=top]>.b-popover__arrow:before{transform:rotate(180deg)}.b-popover[data-popper-placement^=bottom]>.b-popover__arrow{top:-8px}.b-popover[data-popper-placement^=left]>.b-popover__arrow{height:24px;right:-8px;width:9px}.b-popover[data-popper-placement^=left]>.b-popover__arrow:before{transform:rotate(90deg) translateY(-100%);transform-origin:top left}.b-popover[data-popper-placement^=right]>.b-popover__arrow{height:24px;left:-8px;width:9px}.b-popover[data-popper-placement^=right]>.b-popover__arrow:before{transform:rotate(-90deg) translateX(-100%);transform-origin:top left}</style><style nonce="">.b-file-modal-input-is-style-loaded{color:rgba(0,250,154,0)}.b-file-modal-input__file-input{display:none}.b-file-barcode-parser-is-style-loaded{color:rgba(0,250,154,0)}.b-file-barcode-parser__file-input{display:none}.b-file-barcode-parser__photo-upload-progress{font-family:YS Text;font-size:20px;font-weight:700;line-height:24px;padding:8px 32px 32px;text-align:center}.b-file-barcode-parser__photo-upload-progress-bar{background-color:#eef0f1;border-radius:16px;height:8px;margin-top:16px;overflow:hidden}.b-file-barcode-parser__photo-upload-progress-line{background-color:#27ae61;border-radius:16px;height:100%;transition-property:width;transition-timing-function:linear;width:0}</style><style nonce="">.b-list-is-style-loaded{color:rgba(0,250,154,0)}.b-list_hidden_true{display:none}.b-list_width_full{width:100%}.b-list_width_auto{width:auto}.b-list_width_inherit{width:inherit}.b-list__cell,.b-list__link,.b-list__wrapper{display:flex}.b-list__item,.b-list__link{position:relative}.b-list__item,.b-list__link_progress_true .b-list__link-progress{display:block}.b-list__link-progress,.b-list_hide-labels .b-list__link-value{display:none}.b-nav-panel{background-color:#fff;box-shadow:0 -1px 2px rgba(9,20,31,.06);height:56px;width:100%;z-index:1000}.b-nav-panel-is-style-loaded{color:rgba(0,250,154,0)}.b-nav-panel_hidden_true{display:none}.b-nav-panel_width_full{width:100%}.b-nav-panel_width_auto{width:auto}.b-nav-panel_width_inherit{width:inherit}.b-nav-panel__cell,.b-nav-panel__link,.b-nav-panel__wrapper{display:flex}.b-nav-panel__item,.b-nav-panel__link{position:relative}.b-nav-panel__item,.b-nav-panel__link_progress_true .b-nav-panel__link-progress{display:block}.b-nav-panel__link-progress,.b-nav-panel_hide-labels .b-nav-panel__link-value{display:none}.b-nav-panel_position_bottom,.b-nav-panel_position_top{position:fixed}.b-nav-panel_position_top{top:0}.b-nav-panel_position_bottom{bottom:0}.b-nav-panel__wrapper{height:100%;padding:8px 0}.b-nav-panel__item{flex:1 0 0}.b-nav-panel__link{align-items:center;border:0;display:flex;flex-direction:column;height:100%;justify-content:space-between;width:100%}.b-nav-panel__link_active_true .b-nav-panel__link-value{color:#09141f}.b-nav-panel__link_active_true .b-nav-panel__link-icon_exterior_normal{display:none}.b-nav-panel__link_active_false .b-nav-panel__link-value{color:#9ca3ab}.b-nav-panel__link_active_false .b-nav-panel__link-icon_exterior_selected{display:none}.b-nav-panel__link-icon{order:1}.b-nav-panel__link-value{font-family:YS Text;font-size:11px;font-weight:400;line-height:14px;order:2}</style><script async="" src="https://an.yandex.ru/system/context.js" nonce=""></script><link rel="preconnect" href="https://yastatic.net/"><link rel="preconnect" href="https://avatars.mds.yandex.net/"><link rel="preconnect" href="https://mc.yandex.ru/"><link rel="preconnect" href="https://ads.adfox.ru"><script charset="utf-8" src="https://yastatic.net/partner-code-bundles/625533/b7414de3fe8d89054eed.js" crossorigin="anonymous" importance="high"></script><script charset="utf-8" src="https://yastatic.net/partner-code-bundles/625533/c62b59551ab7eb70d3b2.js" crossorigin="anonymous" importance="high"></script><script async="" crossorigin="anonymous" src="https://yastatic.net/safeframe-bundles/0.83/host.js"></script><script charset="utf-8" src="https://yastatic.net/partner-code-bundles/625533/6d399edff6d2a4ccf715.js" crossorigin="anonymous" importance="high"></script><style id="ysTextCssRule">@font-face {
        font-family: "YS Text Variable";
        src: url("https://yastatic.net/s3/home/fonts/ys/3/text-variable-full.woff2") format("woff2");
        font-weight: 400 700;
        font-display: optional;
    }</style><script charset="utf-8" src="https://yastatic.net/partner-code-bundles/625533/46c824b03f9bca352981.js" crossorigin="anonymous" importance="high"></script></head><body><svg xmlns="http://www.w3.org/2000/svg" xmlns:xlink="http://www.w3.org/1999/xlink" style="position: absolute; width: 0; height: 0" aria-hidden="true" id="__SVG_SPRITE_NODE__"><symbol xmlns="http://www.w3.org/2000/svg" fill="none" viewBox="0 0 16 16" id="sort"><path fill-rule="evenodd" clip-rule="evenodd" d="M5.468 7.064c-.996 0-1.558-1.142-.951-1.932l2.532-3.291a1.2 1.2 0 0 1 1.902 0l2.532 3.291c.607.79.044 1.932-.951 1.932H5.468Zm4.86 2c1.08 0 1.689 1.238 1.031 2.093L9.03 14.184a1.3 1.3 0 0 1-2.06 0l-2.33-3.027c-.657-.855-.048-2.093 1.03-2.093h4.659Z" fill="#09141F"></path></symbol><symbol xmlns="http://www.w3.org/2000/svg" fill="none" viewBox="0 0 24 24" id="back"><path fill-rule="evenodd" clip-rule="evenodd" d="M5.072 13c.635.41 1.081.743 1.338 1l3.297 3.293a1 1 0 0 1-1.414 1.414l-6-6a1 1 0 0 1 0-1.414l6-6a1 1 0 0 1 1.414 1.414L6.41 10c-.257.257-.703.59-1.338 1H21a1 1 0 1 1 0 2H5.072Z" fill="currentcolor"></path></symbol></svg><div data-render-counter="1" class="b-bottom-slide b-bottom-slide_opened_false b-bottom-slide_stick_true b-bottom-slide_events_false b-bottom-slide_height-mode_content b-bottom-slide_content-offset_false b-bottom-slide_top-border-radius_s b-bottom-slide_dynamic-toggler_false b-bottom-slide_visible_false i-block-helper uid-4563407953754892"><div class="b-bottom-slide__overlay uid-4563407953754892"></div> <!----></div><div data-render-counter="1" class="b-bottom-slide b-bottom-slide_stick_true b-bottom-slide_events_false b-bottom-slide_height-mode_full b-bottom-slide_content-offset_false b-bottom-slide_top-border-radius_s b-bottom-slide_dynamic-toggler_false b-bottom-slide_visible_false i-block-helper uid-7947571340519628 b-bottom-slide_opened_true"><div class="b-bottom-slide__overlay uid-7947571340519628" style="opacity: 0.8;"></div> <div class="b-bottom-slide__window uid-7947571340519628" style="transform: translate3d(0px, -540px, 0px); max-height: 540px;"><header class="b-bottom-slide__header uid-7947571340519628"><div class="b-bottom-slide__toggler uid-7947571340519628"></div> <div class="b-bottom-slide__toggler-stripe uid-7947571340519628"></div></header> <div class="b-bottom-slide__view uid-7947571340519628"><div class="b-bottom-slide__content uid-7947571340519628"><div class="b-bottom-slide__history uid-7947571340519628 b-bottom-slide__page" data-page="index" style="max-height: 516px;"><div data-history-trigger="true" style="height: 1px; width: 100%; position: absolute; top: 0px; z-index: -1;"></div><div class="p-root__install-banner-content uid-7509434930767758"><p class="p-root__install-banner-heading uid-7509434930767758">Скидки&nbsp;— под рукой. <br>Установите приложение Едадил  </p><div class="p-root__install-banner-phone p-root__install-banner-phone_type_android-catalogue uid-7509434930767758"></div> <span data-skeleton-marker="true" data-render-counter="1" class="p-root__install-banner-link b-button b-button_rounding_small b-button_size_xl b-button_exterior_primary b-button_opened_false i-block-helper uid-8642721962564972 uid-7509434930767758" data-analytics-id="2" data-analytics-path="button"><span class="b-button__root-wrapper uid-8642721962564972"><a data-hint="" href="https://redirect.appmetrica.yandex.com/serve/674194987897876820?creative=5" class="b-button__button g-hint g-hint_pos_bottom uid-8642721962564972" aria-expanded="false"><span class="b-button__wrapper uid-8642721962564972"><!----><span class="b-button__cell b-button__value uid-8642721962564972">Установить</span><!----> <!----><!----></span></a><!----> <!----></span></span> <div class="p-root__install-banner-close uid-7509434930767758" data-analytics-id="3" data-analytics-path="button">Перейти в мобильную версию</div></div></div></div></div></div></div>  <script type="text/javascript" nonce="">"function"==typeof $__RENDER_ROOT?$__RENDER_ROOT():document.write('<div id="root"></div>'); </script><div id="root-component" data-render-counter="2" class="p-root i-block-helper uid-7509434930767758"><!----> <div class="p-root__root-wrapper page-wrapper uid-7509434930767758"><div class="p-root__view uid-7509434930767758"><div class="p-root__header uid-7509434930767758"></div> <div data-render-counter="1" class="b-dynamic-page i-block-helper uid-3462769401522212 b-dynamic-page_hidden_false"><!----> <!----><main data-render-counter="2" class="b-dynamic-page__component p-srch-retailer p-srch-retailer_progress_false p-srch-retailer_main-feed-empty_false i-block-helper uid-22008899302906415 uid-3462769401522212" data-analytics-id="4" style="min-height: 544px;"><div data-render-counter="2" class="b-ads-builder b-ads-builder_progress_false i-block-helper uid-9299117511792347"></div> <div data-render-counter="1" class="b-sticky i-block-helper uid-7725627095803111 b-sticky_state_settle" undefined="" style="min-height: 56px;"><div class="b-sticky__float uid-7725627095803111"><div data-render-counter="2" class="b-back-header b-back-header_edge_false b-back-header_bg_true b-back-header_animated_true b-back-header_padding_true b-back-header_height_standard b-back-header_center-slot_true b-back-header_title-size_l i-block-helper uid-6686149642419756"><div class="b-back-header__container uid-6686149642419756"><div class="b-back-header__left uid-6686149642419756"><span data-skeleton-marker="true" data-render-counter="0" data-test-ref="back-button" class=" b-back-header__icon b-button b-button_rounding_small b-button_size_m b-button_color_current b-button_exterior_link b-button_opened_false i-block-helper uid-8675561231897178 uid-6686149642419756"><span class="b-button__root-wrapper uid-8675561231897178"><button data-hint="" type="button" class="b-button__button g-hint g-hint_pos_bottom uid-8675561231897178" aria-expanded="false"><span class="b-button__wrapper uid-8675561231897178"><!----><span class="b-button__cell b-button__value uid-8675561231897178"></span><!----> <span class="b-button__cell b-button__icon b-button__post-icon uid-8675561231897178"><svg data-render-counter="0" class="b-icon b-icon_size_auto b-icon_exterior_link i-block-helper uid-38765225028790984"><use data-update-on-id="01725987836739229"></use><use xlink:href="#back" data-tmp=""></use></svg></span><!----></span></button><!----> <!----></span></span></div> <div class="b-back-header__center uid-6686149642419756"><div class="b-back-header__center uid-6686149642419756"><div data-test-ref="title" class="b-back-header__title uid-6686149642419756">Пятёрочка</div></div></div><div class="b-back-header__right uid-6686149642419756"><div class="b-back-header__right-container uid-6686149642419756"><div class="p-srch-retailer__header-side-controls uid-22008899302906415"><!----> <span data-skeleton-marker="true" data-render-counter="0" class=" p-srch-retailer__header-control b-button b-button_rounding_small b-button_size_m b-button_exterior_link b-button_opened_false i-block-helper uid-13255722671259385 uid-22008899302906415"><span class="b-button__root-wrapper uid-13255722671259385"><button data-hint="" type="button" class="b-button__button g-hint g-hint_pos_bottom uid-13255722671259385" aria-expanded="false"><span class="b-button__wrapper uid-13255722671259385"><!----><span class="b-button__cell b-button__value uid-13255722671259385"></span><!----> <span class="b-button__cell b-button__icon b-button__post-icon uid-13255722671259385"><div class="p-srch-retailer__header-control-icon p-srch-retailer__header-control-icon_type_search uid-22008899302906415"></div></span><!----></span></button><!----> <!----></span></span><span data-skeleton-marker="true" data-render-counter="0" class=" p-srch-retailer__header-control b-button b-button_rounding_small b-button_size_m b-button_exterior_link b-button_opened_false i-block-helper uid-31624985586593324 uid-22008899302906415"><span class="b-button__root-wrapper uid-31624985586593324"><button data-hint="" type="button" class="b-button__button g-hint g-hint_pos_bottom uid-31624985586593324" aria-expanded="false"><span class="b-button__wrapper uid-31624985586593324"><!----><span class="b-button__cell b-button__value uid-31624985586593324"></span><!----> <span class="b-button__cell b-button__icon b-button__post-icon uid-31624985586593324"><div class="p-srch-retailer__header-control-icon p-srch-retailer__header-control-icon_type_scan uid-22008899302906415"></div></span><!----></span></button><!----> <!----></span></span></div></div></div></div></div></div></div> <div class="p-srch-retailer__shop-info-outer-wrapper uid-22008899302906415"></div> <div data-render-counter="1" class="p-srch-retailer__segment-switch-sticky b-sticky i-block-helper uid-00030543009401218235 b-sticky_state_settle" undefined="" style="min-height: 0px;"><div class="b-sticky__float uid-00030543009401218235 p-srch-retailer__float"><div class="p-srch-retailer__menu p-srch-retailer__menu_show_false"><span data-skeleton-marker="true" data-render-counter="0" class=" p-srch-retailer__menu-button b-button b-button_rounding_small b-button_size_m b-button_exterior_outline b-button_opened_false i-block-helper uid-3493963246798264 uid-22008899302906415" data-analytics-id="5" data-analytics-path="button"><span class="b-button__root-wrapper uid-3493963246798264"><button data-hint="" type="button" class="b-button__button g-hint g-hint_pos_bottom uid-3493963246798264" aria-expanded="false"><span class="b-button__wrapper uid-3493963246798264"><!----><span class="b-button__cell b-button__value uid-3493963246798264 p-srch-retailer__menu-icon"></span><!----> <!----><!----></span></button><!----> <!----></span></span></div> <div data-render-counter="2" class="p-srch-retailer__segment-switcher b-cats-list b-cats-list_exterior_ b-cats-list_link-border_false b-cats-list_hidden_true b-cats-list_hide-labels_false b-cats-list_progress_false i-block-helper uid-8754683517869091" data-analytics-id="6" data-analytics-path="TagList"><div class="b-cats-list__root-wrapper uid-8754683517869091"><div class="b-cats-list__content-wrapper b-cats-list__content-wrapper_pinned_true uid-8754683517869091"><ul class="b-cats-list__wrapper b-cats-list__wrapper_pinned_true uid-8754683517869091"></ul></div><div class="b-cats-list__content-wrapper b-cats-list__content-wrapper_pinned_false uid-8754683517869091"><ul class="b-cats-list__wrapper b-cats-list__wrapper_pinned_false uid-8754683517869091" style="transition: transform 0s linear 0s;"><li class="b-cats-list__item uid-8754683517869091"><button aria-selected="true" data-id="0" role="tab" class="g-hint g-hint_pos_bottom uid-8754683517869091 b-cats-list__link b-cats-list__link_id_0 b-cats-list__link_active_true" data-analytics-id="10" data-analytics-path="TagItem"><!----><span class="b-cats-list__cell b-cats-list__link-value uid-8754683517869091">Для вас</span><!----><!----></button></li></ul></div></div></div></div></div> <!----><div class="p-srch-retailer__wall-wrapper uid-22008899302906415"><div class="p-srch-retailer__offer-wall-header p-srch-retailer__offer-wall-header_source_main-feed"><div class="p-srch-retailer__setting-control uid-22008899302906415"><span data-skeleton-marker="true" data-render-counter="0" id="sortOffersButton" class=" p-srch-retailer__sort-button b-button b-button_rounding_small b-button_size_s b-button_exterior_neutral b-button_opened_false i-block-helper uid-05596838788276459" data-analytics-id="7" data-analytics-path="button"><span class="b-button__root-wrapper uid-05596838788276459"><button data-hint="" type="button" class="b-button__button g-hint g-hint_pos_bottom uid-05596838788276459" aria-expanded="false"><span class="b-button__wrapper uid-05596838788276459"><span class="b-button__cell b-button__icon b-button__pre-icon uid-05596838788276459"><svg data-render-counter="0" class="b-icon b-icon_size_auto b-icon_exterior_neutral i-block-helper uid-7807717997374835"><use data-update-on-id="7059140381228486"></use><use xlink:href="#sort" data-tmp=""></use></svg></span><span class="b-button__cell b-button__value uid-05596838788276459">По умолчанию </span><!----> <!----><!----></span></button><!----> <!----></span></span></div></div> <div data-render-counter="2" class="p-srch-retailer__segment-switch-container b-swipe i-block-helper uid-7164981682125771"><div class="b-swipe__wrapper uid-7164981682125771"><div class="b-swipe__content-wrapper uid-7164981682125771"><section class="b-swipe__content uid-7164981682125771"><div class="p-srch-retailer__container uid-22008899302906415"><div data-render-counter="1" class="b-disclaimer b-disclaimer_font-size_m b-disclaimer_padding_true b-disclaimer_stage_adult i-block-helper uid-5038175702796945 uid-22008899302906415 p-srch-retailer__alco-disclaimer p-srch-retailer__alco-disclaimer_source_main-feed b-disclaimer_confirmed_false" data-test-ref="mainFeedDisclaimer" data-analytics-id="9" data-analytics-path="Disclaimer"><div data-render-counter="1" class="b-adult-disclaimer b-adult-disclaimer_font-size_m b-adult-disclaimer_padding_true b-adult-disclaimer_stage_adult i-block-helper uid-5038175702796945"><div class="b-adult-disclaimer__confirmed uid-5038175702796945"><h2 class="b-adult-disclaimer__title-confirmed uid-5038175702796945">В этом списке есть алкогольные товары</h2> <p class="b-adult-disclaimer__info uid-5038175702796945">Чрезмерное употребление алкоголя вредит вашему здоровью. Приобретение алкогольной продукции осуществляется только в торговом зале магазина. <span>Время продажи алкоголя в магазине ограничено и устанавливается магазином согласно требованиям законодательства.</span></p></div> <div class="b-adult-disclaimer__unconfirmed uid-5038175702796945"><div class="b-adult-disclaimer__img uid-5038175702796945" style="background-image: url(&quot;https://yastatic.net/s3/edadeal-public-static/frontend/touch/289d362b134311/ES2018/touch_ES2018_assets/90b76010412f4cfeccc83fffe3e7729a.svg&quot;);"></div> <div class="b-adult-disclaimer__content uid-5038175702796945"><p class="b-adult-disclaimer__description uid-5038175702796945">Алкогольные товары скрыты. Хотите видеть&nbsp;их?  </p><span data-skeleton-marker="true" data-render-counter="0" class=" b-adult-disclaimer__confirm b-button b-button_rounding_small b-button_size_m b-button_exterior_primary b-button_opened_false i-block-helper uid-17585481450548013 uid-5038175702796945" data-analytics-id="8" data-analytics-path="Disclaimer"><span class="b-button__root-wrapper uid-17585481450548013"><button data-hint="" type="button" class="b-button__button g-hint g-hint_pos_bottom uid-17585481450548013" aria-expanded="false"><span class="b-button__wrapper uid-17585481450548013"><!----><span class="b-button__cell b-button__value uid-17585481450548013">Да. Мне есть 18</span><!----> <!----><!----></span></button><!----> <!----></span></span></div></div></div></div>  <div data-ads-slot="false" data-ads-static-slot="" class="p-srch-retailer__ads uid-22008899302906415" data-ads-offset="0"><div data-hash="62ecdire001" data-ads-builder-node=""><div class="g-rtb g-rtb__direct_js g-rtb__page_name_p-srch-retailer" id="id-9634392345485-1"><div style="width: 100%;"></div></div></div></div> <div data-render-counter="2" class="b-virtual-scroll i-block-helper uid-18304750515227242 uid-22008899302906415 p-srch-retailer__offer-wall p-srch-retailer__offer-wall_source_main-feed p-srch-retailer__offer-wall_slider_false" data-test-ref="mainFeed" data-ads-consumer="true" data-analytics-id="11"><div class="b-virtual-scroll__wrapper uid-18304750515227242 p-srch-retailer__wall-wrapper"><div data-test-ref="container" class="b-virtual-scroll__container uid-18304750515227242 p-srch-retailer__wall-container"><div data-analytics-marker="b-srch-card" data-test-ref="b-srch-card" data-render-counter="2" class="b-srch-card b-srch-card_view_default b-srch-card_retailer-icon_true b-srch-card_with-date_false b-srch-card_with-toggle_false b-srch-card_size_l b-srch-card_with-like_false b-srch-card_liked_false i-block-helper uid-24110718948654575 b-virtual-scroll__option-el p-srch-retailer__card" data-analytics-id="12" data-analytics-path="DiscountCard"><div class="b-srch-card__container uid-24110718948654575 b-srch-card__container b-srch-card__container_stage_srch uid-24110718948654575"><!----> <div class="b-srch-card__content uid-24110718948654575 b-srch-card__show b-srch-card__show_date_true b-srch-card__retailer b-srch-card__retailer_name_false b-srch-card__retailer_hide_true uid-24110718948654575"><div class="b-srch-card__img"><img loading="lazy" src="https://leonardo.edadeal.io/dyn/cr/catalyst/offers/xbi7ilcqwl4jzncg2b6acud4pe.jpg" class="b-srch-card__main-img uid-24110718948654575"> <!----> <!----></div> <div class="b-srch-card__card uid-24110718948654575"><header><div class="b-srch-card__head uid-24110718948654575"><div class="b-srch-card__date-container"><time class="b-srch-card__date uid-24110718948654575 b-srch-card__date b-srch-card__date_feature_false uid-24110718948654575">По 31 авг.</time></div> <!----></div> <div class="b-srch-card__item b-srch-card__title uid-24110718948654575">Лавровый лист Kotanyi, 5 г</div></header> <div class="b-srch-card__body uid-24110718948654575"><div class="b-srch-card__item"><div data-render-counter="2" class=" b-srch-card__price-new b-money b-money_size_s b-money_redesign_false b-money_currency-position_after i-block-helper uid-9655012139287262 uid-24110718948654575"><div class="b-money__root-wrapper uid-9655012139287262"><span data-test-ref="money-base" class="uid-9655012139287262 b-money__baseunit b-money__baseunit_positive-value_true">49</span> <span class="uid-9655012139287262 b-money__comma b-money__comma_positive-value_true">,</span> <span data-test-ref="money-subunit" class="uid-9655012139287262 b-money__subunit b-money__subunit_positive-value_true">99</span> <span data-test-ref="currency" class="b-money__currency uid-9655012139287262">₽</span> <div class="b-money__line uid-9655012139287262"></div></div></div> <div data-render-counter="2" class=" b-srch-card__discount-label b-content-renderer b-content-renderer_direction_column b-content-renderer_space_xl i-block-helper uid-4764201269401036"><div class="b-content-renderer__element uid-4764201269401036"><div data-render-counter="2" class="b-tpl-discount-label b-tpl-discount-label_space_xl i-block-helper uid-4764201269401036"><div class="b-tpl-discount-label__label b-tpl-discount-label__label_exterior_plain">−42% <div class="b-tpl-discount-label__label b-tpl-discount-label__label_display-corner_false"></div></div></div> <!----></div></div><div data-render-counter="2" class=" b-srch-card__price-old b-money b-money_line-through_true b-money_size_s b-money_redesign_false b-money_currency-position_after i-block-helper uid-5803427818693925 uid-24110718948654575"><div class="b-money__root-wrapper uid-5803427818693925"><span data-test-ref="money-base" class="uid-5803427818693925 b-money__baseunit b-money__baseunit_positive-value_true">84</span> <span class="uid-5803427818693925 b-money__comma b-money__comma_positive-value_true">,</span> <span data-test-ref="money-subunit" class="uid-5803427818693925 b-money__subunit b-money__subunit_positive-value_true">99</span> <span data-test-ref="currency" class="b-money__currency uid-5803427818693925">₽</span> <div class="b-money__line uid-5803427818693925"></div></div></div></div> <div class="b-srch-card__item b-srch-card__info uid-24110718948654575"><span>5&nbsp;г&nbsp;• 9998&nbsp;₽/кг</span></div> <!----><!----></div><!----></div></div> <!----><!----> <!----></div><div><div class="b-srch-card__ads uid-24110718948654575 p-srch-retailer__card-ads" data-ads-slot="true" data-ads-offset="1"></div></div></div><div data-analytics-marker="b-srch-card" data-test-ref="b-srch-card" data-render-counter="2" class="b-srch-card b-srch-card_view_default b-srch-card_retailer-icon_true b-srch-card_with-date_false b-srch-card_with-toggle_false b-srch-card_size_l b-srch-card_with-like_false b-srch-card_liked_false i-block-helper uid-6923280192348604 b-virtual-scroll__option-el p-srch-retailer__card" data-analytics-id="13" data-analytics-path="DiscountCard"><div class="b-srch-card__container uid-6923280192348604 b-srch-card__container b-srch-card__container_stage_srch uid-6923280192348604"><!----> <div class="b-srch-card__content uid-6923280192348604 b-srch-card__show b-srch-card__show_date_true b-srch-card__retailer b-srch-card__retailer_name_false b-srch-card__retailer_hide_true uid-6923280192348604"><div class="b-srch-card__img"><img loading="lazy" src="https://leonardo.edadeal.io/dyn/cr/catalyst/offers/fb6nbhifkvmcqwyr4s5ow2camq.jpg" class="b-srch-card__main-img uid-6923280192348604"> <!----> <!----></div> <div class="b-srch-card__card uid-6923280192348604"><header><div class="b-srch-card__head uid-6923280192348604"><div class="b-srch-card__date-container"><time class="b-srch-card__date uid-6923280192348604 b-srch-card__date b-srch-card__date_feature_false uid-6923280192348604">По 31 авг.</time></div> <!----></div> <div class="b-srch-card__item b-srch-card__title uid-6923280192348604">Кофе Fresco Doppio, растворимый, 100 г</div></header> <div class="b-srch-card__body uid-6923280192348604"><div class="b-srch-card__item"><div data-render-counter="2" class=" b-srch-card__price-new b-money b-money_size_s b-money_redesign_false b-money_currency-position_after i-block-helper uid-1511376970428735 uid-6923280192348604"><div class="b-money__root-wrapper uid-1511376970428735"><span data-test-ref="money-base" class="uid-1511376970428735 b-money__baseunit b-money__baseunit_positive-value_true">269</span> <span class="uid-1511376970428735 b-money__comma b-money__comma_positive-value_true">,</span> <span data-test-ref="money-subunit" class="uid-1511376970428735 b-money__subunit b-money__subunit_positive-value_true">99</span> <span data-test-ref="currency" class="b-money__currency uid-1511376970428735">₽</span> <div class="b-money__line uid-1511376970428735"></div></div></div> <div data-render-counter="2" class=" b-srch-card__discount-label b-content-renderer b-content-renderer_direction_column b-content-renderer_space_xl i-block-helper uid-3793702662683902"><div class="b-content-renderer__element uid-3793702662683902"><div data-render-counter="2" class="b-tpl-discount-label b-tpl-discount-label_space_xl i-block-helper uid-3793702662683902"><div class="b-tpl-discount-label__label b-tpl-discount-label__label_exterior_plain">−42% <div class="b-tpl-discount-label__label b-tpl-discount-label__label_display-corner_false"></div></div></div> <!----></div></div><div data-render-counter="2" class=" b-srch-card__price-old b-money b-money_line-through_true b-money_size_s b-money_redesign_false b-money_currency-position_after i-block-helper uid-315444241944155 uid-6923280192348604"><div class="b-money__root-wrapper uid-315444241944155"><span data-test-ref="money-base" class="uid-315444241944155 b-money__baseunit b-money__baseunit_positive-value_true">459</span> <span class="uid-315444241944155 b-money__comma b-money__comma_positive-value_true">,</span> <span data-test-ref="money-subunit" class="uid-315444241944155 b-money__subunit b-money__subunit_positive-value_true">99</span> <span data-test-ref="currency" class="b-money__currency uid-315444241944155">₽</span> <div class="b-money__line uid-315444241944155"></div></div></div></div> <div class="b-srch-card__item b-srch-card__info uid-6923280192348604"><span>100&nbsp;г&nbsp;• 2699,90&nbsp;₽/кг</span></div> <!----><!----></div><!----></div></div> <!----><!----> <!----></div><div><div class="b-srch-card__ads uid-6923280192348604 p-srch-retailer__card-ads" data-ads-slot="true" data-ads-offset="2"></div></div></div><div data-analytics-marker="b-srch-card" data-test-ref="b-srch-card" data-render-counter="2" class="b-srch-card b-srch-card_view_default b-srch-card_retailer-icon_true b-srch-card_with-date_false b-srch-card_with-toggle_false b-srch-card_size_l b-srch-card_with-like_false b-srch-card_liked_false i-block-helper uid-8018354161678316 b-virtual-scroll__option-el p-srch-retailer__card" data-analytics-id="14" data-analytics-path="DiscountCard"><div class="b-srch-card__container uid-8018354161678316 b-srch-card__container b-srch-card__container_stage_srch uid-8018354161678316"><!----> <div class="b-srch-card__content uid-8018354161678316 b-srch-card__show b-srch-card__show_date_true b-srch-card__retailer b-srch-card__retailer_name_false b-srch-card__retailer_hide_true uid-8018354161678316"><div class="b-srch-card__img"><img loading="lazy" src="https://leonardo.edadeal.io/dyn/cr/catalyst/offers/fpkqwyj7b2whbhrcww5kxhx73y.jpg" class="b-srch-card__main-img uid-8018354161678316"> <!----> <!----></div> <div class="b-srch-card__card uid-8018354161678316"><header><div class="b-srch-card__head uid-8018354161678316"><div class="b-srch-card__date-container"><time class="b-srch-card__date uid-8018354161678316 b-srch-card__date b-srch-card__date_feature_false uid-8018354161678316">По 31 авг.</time></div> <!----></div> <div class="b-srch-card__item b-srch-card__title uid-8018354161678316">Кофе Bushido Sensei, зерновой, 227 г</div></header> <div class="b-srch-card__body uid-8018354161678316"><div class="b-srch-card__item"><div data-render-counter="2" class=" b-srch-card__price-new b-money b-money_size_s b-money_redesign_false b-money_currency-position_after i-block-helper uid-5447278078333153 uid-8018354161678316"><div class="b-money__root-wrapper uid-5447278078333153"><span data-test-ref="money-base" class="uid-5447278078333153 b-money__baseunit b-money__baseunit_positive-value_true">429</span> <span class="uid-5447278078333153 b-money__comma b-money__comma_positive-value_true">,</span> <span data-test-ref="money-subunit" class="uid-5447278078333153 b-money__subunit b-money__subunit_positive-value_true">99</span> <span data-test-ref="currency" class="b-money__currency uid-5447278078333153">₽</span> <div class="b-money__line uid-5447278078333153"></div></div></div> <div data-render-counter="2" class=" b-srch-card__discount-label b-content-renderer b-content-renderer_direction_column b-content-renderer_space_xl i-block-helper uid-06552188465117048"><div class="b-content-renderer__element uid-06552188465117048"><div data-render-counter="2" class="b-tpl-discount-label b-tpl-discount-label_space_xl i-block-helper uid-06552188465117048"><div class="b-tpl-discount-label__label b-tpl-discount-label__label_exterior_plain">−46% <div class="b-tpl-discount-label__label b-tpl-discount-label__label_display-corner_false"></div></div></div> <!----></div></div><div data-render-counter="2" class=" b-srch-card__price-old b-money b-money_line-through_true b-money_size_s b-money_redesign_false b-money_currency-position_after i-block-helper uid-5258594887194847 uid-8018354161678316"><div class="b-money__root-wrapper uid-5258594887194847"><span data-test-ref="money-base" class="uid-5258594887194847 b-money__baseunit b-money__baseunit_positive-value_true">783</span> <span class="uid-5258594887194847 b-money__comma b-money__comma_positive-value_true">,</span> <span data-test-ref="money-subunit" class="uid-5258594887194847 b-money__subunit b-money__subunit_positive-value_true">99</span> <span data-test-ref="currency" class="b-money__currency uid-5258594887194847">₽</span> <div class="b-money__line uid-5258594887194847"></div></div></div></div> <div class="b-srch-card__item b-srch-card__info uid-8018354161678316"><span>227&nbsp;г&nbsp;• 1894,23&nbsp;₽/кг</span></div> <!----><!----></div><!----></div></div> <!----><!----> <!----></div><div><div class="b-srch-card__ads uid-8018354161678316 p-srch-retailer__card-ads" data-ads-slot="true" data-ads-offset="3"></div></div></div><div data-analytics-marker="b-srch-card" data-test-ref="b-srch-card" data-render-counter="2" class="b-srch-card b-srch-card_view_default b-srch-card_retailer-icon_true b-srch-card_with-date_false b-srch-card_with-toggle_false b-srch-card_size_l b-srch-card_with-like_false b-srch-card_liked_false i-block-helper uid-9412388087621166 b-virtual-scroll__option-el p-srch-retailer__card" data-analytics-id="15" data-analytics-path="DiscountCard"><div class="b-srch-card__container uid-9412388087621166 b-srch-card__container b-srch-card__container_stage_srch uid-9412388087621166"><!----> <div class="b-srch-card__content uid-9412388087621166 b-srch-card__show b-srch-card__show_date_true b-srch-card__retailer b-srch-card__retailer_name_false b-srch-card__retailer_hide_true uid-9412388087621166"><div class="b-srch-card__img"><img loading="lazy" src="https://leonardo.edadeal.io/dyn/cr/catalyst/offers/r7hr5mar74zin7gxvvoijt7tt4.jpg" class="b-srch-card__main-img uid-9412388087621166"> <!----> <!----></div> <div class="b-srch-card__card uid-9412388087621166"><header><div class="b-srch-card__head uid-9412388087621166"><div class="b-srch-card__date-container"><time class="b-srch-card__date uid-9412388087621166 b-srch-card__date b-srch-card__date_feature_false uid-9412388087621166">По 31 авг.</time></div> <!----></div> <div class="b-srch-card__item b-srch-card__title uid-9412388087621166">Пельмени Мини, Сибирская коллекция, 700 г</div></header> <div class="b-srch-card__body uid-9412388087621166"><div class="b-srch-card__item"><div data-render-counter="2" class=" b-srch-card__price-new b-money b-money_size_s b-money_redesign_false b-money_currency-position_after i-block-helper uid-19375731598796642 uid-9412388087621166"><div class="b-money__root-wrapper uid-19375731598796642"><span data-test-ref="money-base" class="uid-19375731598796642 b-money__baseunit b-money__baseunit_positive-value_true">449</span> <span class="uid-19375731598796642 b-money__comma b-money__comma_positive-value_true">,</span> <span data-test-ref="money-subunit" class="uid-19375731598796642 b-money__subunit b-money__subunit_positive-value_true">99</span> <span data-test-ref="currency" class="b-money__currency uid-19375731598796642">₽</span> <div class="b-money__line uid-19375731598796642"></div></div></div> <div data-render-counter="2" class=" b-srch-card__discount-label b-content-renderer b-content-renderer_direction_column b-content-renderer_space_xl i-block-helper uid-9972577483804637"><div class="b-content-renderer__element uid-9972577483804637"><div data-render-counter="2" class="b-tpl-discount-label b-tpl-discount-label_space_xl i-block-helper uid-9972577483804637"><div class="b-tpl-discount-label__label b-tpl-discount-label__label_exterior_plain">−41% <div class="b-tpl-discount-label__label b-tpl-discount-label__label_display-corner_false"></div></div></div> <!----></div></div><div data-render-counter="2" class=" b-srch-card__price-old b-money b-money_line-through_true b-money_size_s b-money_redesign_false b-money_currency-position_after i-block-helper uid-20845269949333778 uid-9412388087621166"><div class="b-money__root-wrapper uid-20845269949333778"><span data-test-ref="money-base" class="uid-20845269949333778 b-money__baseunit b-money__baseunit_positive-value_true">749</span> <span class="uid-20845269949333778 b-money__comma b-money__comma_positive-value_true">,</span> <span data-test-ref="money-subunit" class="uid-20845269949333778 b-money__subunit b-money__subunit_positive-value_true">99</span> <span data-test-ref="currency" class="b-money__currency uid-20845269949333778">₽</span> <div class="b-money__line uid-20845269949333778"></div></div></div></div> <div class="b-srch-card__item b-srch-card__info uid-9412388087621166"><span>700&nbsp;г&nbsp;• 642,84&nbsp;₽/кг</span></div> <!----><!----></div><!----></div></div> <!----><!----> <!----></div><div><div class="b-srch-card__ads uid-9412388087621166 p-srch-retailer__card-ads" data-ads-slot="true" data-ads-offset="4"></div></div></div><div data-analytics-marker="b-srch-card" data-test-ref="b-srch-card" data-render-counter="2" class="b-srch-card b-srch-card_view_default b-srch-card_retailer-icon_true b-srch-card_with-date_false b-srch-card_with-toggle_false b-srch-card_size_l b-srch-card_with-like_false b-srch-card_liked_false i-block-helper uid-1397421256827549 b-virtual-scroll__option-el p-srch-retailer__card" data-analytics-id="16" data-analytics-path="DiscountCard"><div class="b-srch-card__container uid-1397421256827549 b-srch-card__container b-srch-card__container_stage_srch uid-1397421256827549"><!----> <div class="b-srch-card__content uid-1397421256827549 b-srch-card__show b-srch-card__show_date_true b-srch-card__retailer b-srch-card__retailer_name_false b-srch-card__retailer_hide_true uid-1397421256827549"><div class="b-srch-card__img"><img loading="lazy" src="https://leonardo.edadeal.io/dyn/cr/catalyst/offers/6np24c2vbv7pu63aklrf7i77v4.jpg" class="b-srch-card__main-img uid-1397421256827549"> <!----> <!----></div> <div class="b-srch-card__card uid-1397421256827549"><header><div class="b-srch-card__head uid-1397421256827549"><div class="b-srch-card__date-container"><time class="b-srch-card__date uid-1397421256827549 b-srch-card__date b-srch-card__date_feature_false uid-1397421256827549">По 31 авг.</time></div> <!----></div> <div class="b-srch-card__item b-srch-card__title uid-1397421256827549">Конфеты Алёнка, Красный Октябрь, 250 г</div></header> <div class="b-srch-card__body uid-1397421256827549"><div class="b-srch-card__item"><div data-render-counter="2" class=" b-srch-card__price-new b-money b-money_size_s b-money_redesign_false b-money_currency-position_after i-block-helper uid-6398223642409304 uid-1397421256827549"><div class="b-money__root-wrapper uid-6398223642409304"><span data-test-ref="money-base" class="uid-6398223642409304 b-money__baseunit b-money__baseunit_positive-value_true">229</span> <span class="uid-6398223642409304 b-money__comma b-money__comma_positive-value_true">,</span> <span data-test-ref="money-subunit" class="uid-6398223642409304 b-money__subunit b-money__subunit_positive-value_true">99</span> <span data-test-ref="currency" class="b-money__currency uid-6398223642409304">₽</span> <div class="b-money__line uid-6398223642409304"></div></div></div> <div data-render-counter="2" class=" b-srch-card__discount-label b-content-renderer b-content-renderer_direction_column b-content-renderer_space_xl i-block-helper uid-7302558994132489"><div class="b-content-renderer__element uid-7302558994132489"><div data-render-counter="2" class="b-tpl-discount-label b-tpl-discount-label_space_xl i-block-helper uid-7302558994132489"><div class="b-tpl-discount-label__label b-tpl-discount-label__label_exterior_plain">−44% <div class="b-tpl-discount-label__label b-tpl-discount-label__label_display-corner_false"></div></div></div> <!----></div></div><div data-render-counter="2" class=" b-srch-card__price-old b-money b-money_line-through_true b-money_size_s b-money_redesign_false b-money_currency-position_after i-block-helper uid-8715860574032332 uid-1397421256827549"><div class="b-money__root-wrapper uid-8715860574032332"><span data-test-ref="money-base" class="uid-8715860574032332 b-money__baseunit b-money__baseunit_positive-value_true">406</span> <span class="uid-8715860574032332 b-money__comma b-money__comma_positive-value_true">,</span> <span data-test-ref="money-subunit" class="uid-8715860574032332 b-money__subunit b-money__subunit_positive-value_true">99</span> <span data-test-ref="currency" class="b-money__currency uid-8715860574032332">₽</span> <div class="b-money__line uid-8715860574032332"></div></div></div></div> <div class="b-srch-card__item b-srch-card__info uid-1397421256827549"><span>250&nbsp;г&nbsp;• 919,96&nbsp;₽/кг</span></div> <!----><!----></div><!----></div></div> <!----><!----> <!----></div><div><div class="b-srch-card__ads uid-1397421256827549 p-srch-retailer__card-ads" data-ads-slot="true" data-ads-offset="5"></div></div></div><div data-analytics-marker="b-srch-card" data-test-ref="b-srch-card" data-render-counter="2" class="b-srch-card b-srch-card_view_default b-srch-card_retailer-icon_true b-srch-card_with-date_false b-srch-card_with-toggle_false b-srch-card_size_l b-srch-card_with-like_false b-srch-card_liked_false i-block-helper uid-7864525610349895 b-virtual-scroll__option-el p-srch-retailer__card" data-analytics-id="17" data-analytics-path="DiscountCard"><div class="b-srch-card__container uid-7864525610349895 b-srch-card__container b-srch-card__container_stage_srch uid-7864525610349895"><!----> <div class="b-srch-card__content uid-7864525610349895 b-srch-card__show b-srch-card__show_date_true b-srch-card__retailer b-srch-card__retailer_name_false b-srch-card__retailer_hide_true uid-7864525610349895"><div class="b-srch-card__img"><img loading="lazy" src="https://leonardo.edadeal.io/dyn/cr/catalyst/offers/xbi7ilcqwl4jzncg2b6acud4pe.jpg" class="b-srch-card__main-img uid-7864525610349895"> <!----> <!----></div> <div class="b-srch-card__card uid-7864525610349895"><header><div class="b-srch-card__head uid-7864525610349895"><div class="b-srch-card__date-container"><time class="b-srch-card__date uid-7864525610349895 b-srch-card__date b-srch-card__date_feature_false uid-7864525610349895">По 31 авг.</time></div> <!----></div> <div class="b-srch-card__item b-srch-card__title uid-7864525610349895">Лавровый лист Kotanyi, 5 г</div></header> <div class="b-srch-card__body uid-7864525610349895"><div class="b-srch-card__item"><div data-render-counter="2" class=" b-srch-card__price-new b-money b-money_size_s b-money_redesign_false b-money_currency-position_after i-block-helper uid-7391175330262507 uid-7864525610349895"><div class="b-money__root-wrapper uid-7391175330262507"><span data-test-ref="money-base" class="uid-7391175330262507 b-money__baseunit b-money__baseunit_positive-value_true">49</span> <span class="uid-7391175330262507 b-money__comma b-money__comma_positive-value_true">,</span> <span data-test-ref="money-subunit" class="uid-7391175330262507 b-money__subunit b-money__subunit_positive-value_true">99</span> <span data-test-ref="currency" class="b-money__currency uid-7391175330262507">₽</span> <div class="b-money__line uid-7391175330262507"></div></div></div> <div data-render-counter="2" class=" b-srch-card__discount-label b-content-renderer b-content-renderer_direction_column b-content-renderer_space_xl i-block-helper uid-10870225143745516"><div class="b-content-renderer__element uid-10870225143745516"><div data-render-counter="2" class="b-tpl-discount-label b-tpl-discount-label_space_xl i-block-helper uid-10870225143745516"><div class="b-tpl-discount-label__label b-tpl-discount-label__label_exterior_plain">−42% <div class="b-tpl-discount-label__label b-tpl-discount-label__label_display-corner_false"></div></div></div> <!----></div></div><div data-render-counter="2" class=" b-srch-card__price-old b-money b-money_line-through_true b-money_size_s b-money_redesign_false b-money_currency-position_after i-block-helper uid-21610958209113518 uid-7864525610349895"><div class="b-money__root-wrapper uid-21610958209113518"><span data-test-ref="money-base" class="uid-21610958209113518 b-money__baseunit b-money__baseunit_positive-value_true">84</span> <span class="uid-21610958209113518 b-money__comma b-money__comma_positive-value_true">,</span> <span data-test-ref="money-subunit" class="uid-21610958209113518 b-money__subunit b-money__subunit_positive-value_true">99</span> <span data-test-ref="currency" class="b-money__currency uid-21610958209113518">₽</span> <div class="b-money__line uid-21610958209113518"></div></div></div></div> <div class="b-srch-card__item b-srch-card__info uid-7864525610349895"><span>5&nbsp;г&nbsp;• 9998&nbsp;₽/кг</span></div> <!----><!----></div><!----></div></div> <!----><!----> <!----></div><div><div class="b-srch-card__ads uid-7864525610349895 p-srch-retailer__card-ads" data-ads-slot="true" data-ads-offset="6"><div data-hash="62a9Dire601" data-ads-builder-node=""><div class="g-rtb g-rtb__direct_js g-rtb__page_name_p-srch-retailer" id="id-87782835370859-2"><div style="width: 100%;"></div></div></div></div></div></div><div data-analytics-marker="b-srch-card" data-test-ref="b-srch-card" data-render-counter="2" class="b-srch-card b-srch-card_view_default b-srch-card_retailer-icon_true b-srch-card_with-date_false b-srch-card_with-toggle_false b-srch-card_size_l b-srch-card_with-like_false b-srch-card_liked_false i-block-helper uid-8632728981292079 b-virtual-scroll__option-el p-srch-retailer__card" data-analytics-id="18" data-analytics-path="DiscountCard"><div class="b-srch-card__container uid-8632728981292079 b-srch-card__container b-srch-card__container_stage_srch uid-8632728981292079"><!----> <div class="b-srch-card__content uid-8632728981292079 b-srch-card__show b-srch-card__show_date_true b-srch-card__retailer b-srch-card__retailer_name_false b-srch-card__retailer_hide_true uid-8632728981292079"><div class="b-srch-card__img"><img loading="lazy" src="https://leonardo.edadeal.io/dyn/cr/catalyst/offers/fb6nbhifkvmcqwyr4s5ow2camq.jpg" class="b-srch-card__main-img uid-8632728981292079"> <!----> <!----></div> <div class="b-srch-card__card uid-8632728981292079"><header><div class="b-srch-card__head uid-8632728981292079"><div class="b-srch-card__date-container"><time class="b-srch-card__date uid-8632728981292079 b-srch-card__date b-srch-card__date_feature_false uid-8632728981292079">По 31 авг.</time></div> <!----></div> <div class="b-srch-card__item b-srch-card__title uid-8632728981292079">Кофе Fresco Doppio, растворимый, 100 г</div></header> <div class="b-srch-card__body uid-8632728981292079"><div class="b-srch-card__item"><div data-render-counter="2" class=" b-srch-card__price-new b-money b-money_size_s b-money_redesign_false b-money_currency-position_after i-block-helper uid-8036644587443567 uid-8632728981292079"><div class="b-money__root-wrapper uid-8036644587443567"><span data-test-ref="money-base" class="uid-8036644587443567 b-money__baseunit b-money__baseunit_positive-value_true">269</span> <span class="uid-8036644587443567 b-money__comma b-money__comma_positive-value_true">,</span> <span data-test-ref="money-subunit" class="uid-8036644587443567 b-money__subunit b-money__subunit_positive-value_true">99</span> <span data-test-ref="currency" class="b-money__currency uid-8036644587443567">₽</span> <div class="b-money__line uid-8036644587443567"></div></div></div> <div data-render-counter="2" class=" b-srch-card__discount-label b-content-renderer b-content-renderer_direction_column b-content-renderer_space_xl i-block-helper uid-292073425127233"><div class="b-content-renderer__element uid-292073425127233"><div data-render-counter="2" class="b-tpl-discount-label b-tpl-discount-label_space_xl i-block-helper uid-292073425127233"><div class="b-tpl-discount-label__label b-tpl-discount-label__label_exterior_plain">−42% <div class="b-tpl-discount-label__label b-tpl-discount-label__label_display-corner_false"></div></div></div> <!----></div></div><div data-render-counter="2" class=" b-srch-card__price-old b-money b-money_line-through_true b-money_size_s b-money_redesign_false b-money_currency-position_after i-block-helper uid-022862104785707382 uid-8632728981292079"><div class="b-money__root-wrapper uid-022862104785707382"><span data-test-ref="money-base" class="uid-022862104785707382 b-money__baseunit b-money__baseunit_positive-value_true">459</span> <span class="uid-022862104785707382 b-money__comma b-money__comma_positive-value_true">,</span> <span data-test-ref="money-subunit" class="uid-022862104785707382 b-money__subunit b-money__subunit_positive-value_true">99</span> <span data-test-ref="currency" class="b-money__currency uid-022862104785707382">₽</span> <div class="b-money__line uid-022862104785707382"></div></div></div></div> <div class="b-srch-card__item b-srch-card__info uid-8632728981292079"><span>100&nbsp;г&nbsp;• 2699,90&nbsp;₽/кг</span></div> <!----><!----></div><!----></div></div> <!----><!----> <!----></div><div><div class="b-srch-card__ads uid-8632728981292079 p-srch-retailer__card-ads" data-ads-slot="true" data-ads-offset="7"></div></div></div><div data-analytics-marker="b-srch-card" data-test-ref="b-srch-card" data-render-counter="2" class="b-srch-card b-srch-card_view_default b-srch-card_retailer-icon_true b-srch-card_with-date_false b-srch-card_with-toggle_false b-srch-card_size_l b-srch-card_with-like_false b-srch-card_liked_false i-block-helper uid-5960502436091748 b-virtual-scroll__option-el p-srch-retailer__card" data-analytics-id="19" data-analytics-path="DiscountCard"><div class="b-srch-card__container uid-5960502436091748 b-srch-card__container b-srch-card__container_stage_srch uid-5960502436091748"><!----> <div class="b-srch-card__content uid-5960502436091748 b-srch-card__show b-srch-card__show_date_true b-srch-card__retailer b-srch-card__retailer_name_false b-srch-card__retailer_hide_true uid-5960502436091748"><div class="b-srch-card__img"><img loading="lazy" src="https://leonardo.edadeal.io/dyn/cr/catalyst/offers/fpkqwyj7b2whbhrcww5kxhx73y.jpg" class="b-srch-card__main-img uid-5960502436091748"> <!----> <!----></div> <div class="b-srch-card__card uid-5960502436091748"><header><div class="b-srch-card__head uid-5960502436091748"><div class="b-srch-card__date-container"><time class="b-srch-card__date uid-5960502436091748 b-srch-card__date b-srch-card__date_feature_false uid-5960502436091748">По 31 авг.</time></div> <!----></div> <div class="b-srch-card__item b-srch-card__title uid-5960502436091748">Кофе Bushido Sensei, зерновой, 227 г</div></header> <div class="b-srch-card__body uid-5960502436091748"><div class="b-srch-card__item"><div data-render-counter="2" class=" b-srch-card__price-new b-money b-money_size_s b-money_redesign_false b-money_currency-position_after i-block-helper uid-14407915497951773 uid-5960502436091748"><div class="b-money__root-wrapper uid-14407915497951773"><span data-test-ref="money-base" class="uid-14407915497951773 b-money__baseunit b-money__baseunit_positive-value_true">429</span> <span class="uid-14407915497951773 b-money__comma b-money__comma_positive-value_true">,</span> <span data-test-ref="money-subunit" class="uid-14407915497951773 b-money__subunit b-money__subunit_positive-value_true">99</span> <span data-test-ref="currency" class="b-money__currency uid-14407915497951773">₽</span> <div class="b-money__line uid-14407915497951773"></div></div></div> <div data-render-counter="2" class=" b-srch-card__discount-label b-content-renderer b-content-renderer_direction_column b-content-renderer_space_xl i-block-helper uid-7791498127016454"><div class="b-content-renderer__element uid-7791498127016454"><div data-render-counter="2" class="b-tpl-discount-label b-tpl-discount-label_space_xl i-block-helper uid-7791498127016454"><div class="b-tpl-discount-label__label b-tpl-discount-label__label_exterior_plain">−46% <div class="b-tpl-discount-label__label b-tpl-discount-label__label_display-corner_false"></div></div></div> <!----></div></div><div data-render-counter="2" class=" b-srch-card__price-old b-money b-money_line-through_true b-money_size_s b-money_redesign_false b-money_currency-position_after i-block-helper uid-9578644142655468 uid-5960502436091748"><div class="b-money__root-wrapper uid-9578644142655468"><span data-test-ref="money-base" class="uid-9578644142655468 b-money__baseunit b-money__baseunit_positive-value_true">783</span> <span class="uid-9578644142655468 b-money__comma b-money__comma_positive-value_true">,</span> <span data-test-ref="money-subunit" class="uid-9578644142655468 b-money__subunit b-money__subunit_positive-value_true">99</span> <span data-test-ref="currency" class="b-money__currency uid-9578644142655468">₽</span> <div class="b-money__line uid-9578644142655468"></div></div></div></div> <div class="b-srch-card__item b-srch-card__info uid-5960502436091748"><span>227&nbsp;г&nbsp;• 1894,23&nbsp;₽/кг</span></div> <!----><!----></div><!----></div></div> <!----><!----> <!----></div><div><div class="b-srch-card__ads uid-5960502436091748 p-srch-retailer__card-ads" data-ads-slot="true" data-ads-offset="8"></div></div></div><div data-analytics-marker="b-srch-card" data-test-ref="b-srch-card" data-render-counter="2" class="b-srch-card b-srch-card_view_default b-srch-card_retailer-icon_true b-srch-card_with-date_false b-srch-card_with-toggle_false b-srch-card_size_l b-srch-card_with-like_false b-srch-card_liked_false i-block-helper uid-049011021290681134 b-virtual-scroll__option-el p-srch-retailer__card" data-analytics-id="20" data-analytics-path="DiscountCard"><div class="b-srch-card__container uid-049011021290681134 b-srch-card__container b-srch-card__container_stage_srch uid-049011021290681134"><!----> <div class="b-srch-card__content uid-049011021290681134 b-srch-card__show b-srch-card__show_date_true b-srch-card__retailer b-srch-card__retailer_name_false b-srch-card__retailer_hide_true uid-049011021290681134"><div class="b-srch-card__img"><img loading="lazy" src="https://leonardo.edadeal.io/dyn/cr/catalyst/offers/r7hr5mar74zin7gxvvoijt7tt4.jpg" class="b-srch-card__main-img uid-049011021290681134"> <!----> <!----></div> <div class="b-srch-card__card uid-049011021290681134"><header><div class="b-srch-card__head uid-049011021290681134"><div class="b-srch-card__date-container"><time class="b-srch-card__date uid-049011021290681134 b-srch-card__date b-srch-card__date_feature_false uid-049011021290681134">По 31 авг.</time></div> <!----></div> <div class="b-srch-card__item b-srch-card__title uid-049011021290681134">Пельмени Мини, Сибирская коллекция, 700 г</div></header> <div class="b-srch-card__body uid-049011021290681134"><div class="b-srch-card__item"><div data-render-counter="2" class=" b-srch-card__price-new b-money b-money_size_s b-money_redesign_false b-money_currency-position_after i-block-helper uid-8234578298505786 uid-049011021290681134"><div class="b-money__root-wrapper uid-8234578298505786"><span data-test-ref="money-base" class="uid-8234578298505786 b-money__baseunit b-money__baseunit_positive-value_true">449</span> <span class="uid-8234578298505786 b-money__comma b-money__comma_positive-value_true">,</span> <span data-test-ref="money-subunit" class="uid-8234578298505786 b-money__subunit b-money__subunit_positive-value_true">99</span> <span data-test-ref="currency" class="b-money__currency uid-8234578298505786">₽</span> <div class="b-money__line uid-8234578298505786"></div></div></div> <div data-render-counter="2" class=" b-srch-card__discount-label b-content-renderer b-content-renderer_direction_column b-content-renderer_space_xl i-block-helper uid-9422430024432131"><div class="b-content-renderer__element uid-9422430024432131"><div data-render-counter="2" class="b-tpl-discount-label b-tpl-discount-label_space_xl i-block-helper uid-9422430024432131"><div class="b-tpl-discount-label__label b-tpl-discount-label__label_exterior_plain">−41% <div class="b-tpl-discount-label__label b-tpl-discount-label__label_display-corner_false"></div></div></div> <!----></div></div><div data-render-counter="2" class=" b-srch-card__price-old b-money b-money_line-through_true b-money_size_s b-money_redesign_false b-money_currency-position_after i-block-helper uid-284518172583891 uid-049011021290681134"><div class="b-money__root-wrapper uid-284518172583891"><span data-test-ref="money-base" class="uid-284518172583891 b-money__baseunit b-money__baseunit_positive-value_true">749</span> <span class="uid-284518172583891 b-money__comma b-money__comma_positive-value_true">,</span> <span data-test-ref="money-subunit" class="uid-284518172583891 b-money__subunit b-money__subunit_positive-value_true">99</span> <span data-test-ref="currency" class="b-money__currency uid-284518172583891">₽</span> <div class="b-money__line uid-284518172583891"></div></div></div></div> <div class="b-srch-card__item b-srch-card__info uid-049011021290681134"><span>700&nbsp;г&nbsp;• 642,84&nbsp;₽/кг</span></div> <!----><!----></div><!----></div></div> <!----><!----> <!----></div><div><div class="b-srch-card__ads uid-049011021290681134 p-srch-retailer__card-ads" data-ads-slot="true" data-ads-offset="9"></div></div></div><div data-analytics-marker="b-srch-card" data-test-ref="b-srch-card" data-render-counter="2" class="b-srch-card b-srch-card_view_default b-srch-card_retailer-icon_true b-srch-card_with-date_false b-srch-card_with-toggle_false b-srch-card_size_l b-srch-card_with-like_false b-srch-card_liked_false i-block-helper uid-23593217391801136 b-virtual-scroll__option-el p-srch-retailer__card" data-analytics-id="21" data-analytics-path="DiscountCard"><div class="b-srch-card__container uid-23593217391801136 b-srch-card__container b-srch-card__container_stage_srch uid-23593217391801136"><!----> <div class="b-srch-card__content uid-23593217391801136 b-srch-card__show b-srch-card__show_date_true b-srch-card__retailer b-srch-card__retailer_name_false b-srch-card__retailer_hide_true uid-23593217391801136"><div class="b-srch-card__img"><img loading="lazy" src="https://leonardo.edadeal.io/dyn/cr/catalyst/offers/6np24c2vbv7pu63aklrf7i77v4.jpg" class="b-srch-card__main-img uid-23593217391801136"> <!----> <!----></div> <div class="b-srch-card__card uid-23593217391801136"><header><div class="b-srch-card__head uid-23593217391801136"><div class="b-srch-card__date-container"><time class="b-srch-card__date uid-23593217391801136 b-srch-card__date b-srch-card__date_feature_false uid-23593217391801136">По 31 авг.</time></div> <!----></div> <div class="b-srch-card__item b-srch-card__title uid-23593217391801136">Конфеты Алёнка, Красный Октябрь, 250 г</div></header> <div class="b-srch-card__body uid-23593217391801136"><div class="b-srch-card__item"><div data-render-counter="2" class=" b-srch-card__price-new b-money b-money_size_s b-money_redesign_false b-money_currency-position_after i-block-helper uid-9783141940468949 uid-23593217391801136"><div class="b-money__root-wrapper uid-9783141940468949"><span data-test-ref="money-base" class="uid-9783141940468949 b-money__baseunit b-money__baseunit_positive-value_true">229</span> <span class="uid-9783141940468949 b-money__comma b-money__comma_positive-value_true">,</span> <span data-test-ref="money-subunit" class="uid-9783141940468949 b-money__subunit b-money__subunit_positive-value_true">99</span> <span data-test-ref="currency" class="b-money__currency uid-9783141940468949">₽</span> <div class="b-money__line uid-9783141940468949"></div></div></div> <div data-render-counter="2" class=" b-srch-card__discount-label b-content-renderer b-content-renderer_direction_column b-content-renderer_space_xl i-block-helper uid-3990277032861289"><div class="b-content-renderer__element uid-3990277032861289"><div data-render-counter="2" class="b-tpl-discount-label b-tpl-discount-label_space_xl i-block-helper uid-3990277032861289"><div class="b-tpl-discount-label__label b-tpl-discount-label__label_exterior_plain">−44% <div class="b-tpl-discount-label__label b-tpl-discount-label__label_display-corner_false"></div></div></div> <!----></div></div><div data-render-counter="2" class=" b-srch-card__price-old b-money b-money_line-through_true b-money_size_s b-money_redesign_false b-money_currency-position_after i-block-helper uid-9124094796270983 uid-23593217391801136"><div class="b-money__root-wrapper uid-9124094796270983"><span data-test-ref="money-base" class="uid-9124094796270983 b-money__baseunit b-money__baseunit_positive-value_true">406</span> <span class="uid-9124094796270983 b-money__comma b-money__comma_positive-value_true">,</span> <span data-test-ref="money-subunit" class="uid-9124094796270983 b-money__subunit b-money__subunit_positive-value_true">99</span> <span data-test-ref="currency" class="b-money__currency uid-9124094796270983">₽</span> <div class="b-money__line uid-9124094796270983"></div></div></div></div> <div class="b-srch-card__item b-srch-card__info uid-23593217391801136"><span>250&nbsp;г&nbsp;• 919,96&nbsp;₽/кг</span></div> <!----><!----></div><!----></div></div> <!----><!----> <!----></div><div><div class="b-srch-card__ads uid-23593217391801136 p-srch-retailer__card-ads" data-ads-slot="true" data-ads-offset="10"></div></div></div></div> <div class="b-virtual-scroll__tombstones uid-18304750515227242 p-srch-retailer__wall-tombstones" style="display: none;"><div class="b-virtual-scroll__tombstone uid-18304750515227242"><div data-skeleton-marker="true" class="b-skeleton__default b-skeleton__item b-skeleton__item_shape_rect b-skeleton__item_animation_m b-skeleton__item_size_s" style="width: 100vw; height: 160px; margin: 0px auto 2px; border-radius: 0px;"></div></div><div class="b-virtual-scroll__tombstone uid-18304750515227242"><div data-skeleton-marker="true" class="b-skeleton__default b-skeleton__item b-skeleton__item_shape_rect b-skeleton__item_animation_m b-skeleton__item_size_s" style="width: 100vw; height: 160px; margin: 0px auto 2px; border-radius: 0px;"></div></div><div class="b-virtual-scroll__tombstone uid-18304750515227242"><div data-skeleton-marker="true" class="b-skeleton__default b-skeleton__item b-skeleton__item_shape_rect b-skeleton__item_animation_m b-skeleton__item_size_s" style="width: 100vw; height: 160px; margin: 0px auto 2px; border-radius: 0px;"></div></div><div class="b-virtual-scroll__tombstone uid-18304750515227242"><div data-skeleton-marker="true" class="b-skeleton__default b-skeleton__item b-skeleton__item_shape_rect b-skeleton__item_animation_m b-skeleton__item_size_s" style="width: 100vw; height: 160px; margin: 0px auto 2px; border-radius: 0px;"></div></div></div><!----><!----><!----><!----><!----></div></div></div></section></div></div></div></div> <div undefined="" class="uid-22008899302906415 p-srch-retailer__blank-stub p-srch-retailer__blank-stub_source_main-feed"><div class="p-srch-retailer__blank-stub-content-wrap uid-22008899302906415"><div class="p-srch-retailer__blank-stub-main-content uid-22008899302906415"><!----> <h3 class="p-srch-retailer__blank-stub-title uid-22008899302906415">Каталог ещё не&nbsp;поступил</h3> <!----> <!----></div></div></div> <!----> <!----></main></div> <div class="navbar-placeholder"><div class="navbar-placeholder__body uid-7509434930767758" style="transform: scaleY(56);"></div></div></div> <div data-render-counter="1" class="p-root__page-loader b-loader b-loader_size_m b-loader_animate-display_false i-block-helper uid-9810847119117989 uid-7509434930767758 b-loader_opened_false"><div class="b-loader__container uid-9810847119117989"></div></div> <div> </div><div> <!----><div data-render-counter="1" class="b-fab b-fab_hidden_true i-block-helper uid-2636451254440204"><div data-render-counter="1" class="b-bottom-sticky i-block-helper uid-19050019297046372"><div class="b-bottom-sticky__float uid-19050019297046372" style="transform: translate(-50%, -56px); transition-duration: 0.3s;"></div></div> <div data-render-counter="1" class="b-file-barcode-parser i-block-helper uid-3122188133839534"><input type="file" accept="image/jpeg,image/png,image/gif" class="b-file-barcode-parser__file-input uid-3122188133839534"> <div class="b-file-barcode-parser__upload-progress uid-3122188133839534"></div></div></div></div><div>  <div data-render-counter="2" class="b-nav-panel b-nav-panel_position_bottom b-nav-panel_hidden_false b-nav-panel_hide-labels_false b-nav-panel_progress_false i-block-helper uid-03672487472697816"><ul class="b-nav-panel__wrapper uid-03672487472697816"><li class="b-nav-panel__item uid-03672487472697816"><button value="main" aria-selected="true" data-id="0" role="tab" class="g-hint g-hint_pos_bottom uid-03672487472697816 b-nav-panel__link b-nav-panel__link_id_0 b-nav-panel__link_active_true"><!----><span class="b-nav-panel__cell b-nav-panel__link-value uid-03672487472697816">Каталоги</span><img src="https://leonardo.edadeal.io/dyn/re/icons/tabbar/v1/catalogs-on.png" width="24" height="24" class="b-nav-panel__link-icon b-nav-panel__link-icon_exterior_selected uid-03672487472697816"> <img src="https://leonardo.edadeal.io/dyn/re/icons/tabbar/v1/catalogs-off.png" width="24" height="24" class="b-nav-panel__link-icon b-nav-panel__link-icon_exterior_normal uid-03672487472697816"> <!----></button></li><li class="b-nav-panel__item uid-03672487472697816"><button value="@edadeal/cb" data-id="1" role="tab" class="g-hint g-hint_pos_bottom uid-03672487472697816 b-nav-panel__link b-nav-panel__link_id_1 b-nav-panel__link_active_false"><!----><span class="b-nav-panel__cell b-nav-panel__link-value uid-03672487472697816">Кэшбэк</span><img src="https://leonardo.edadeal.io/dyn/re/icons/tabbar/v1/cashback-alt-on.png" width="24" height="24" class="b-nav-panel__link-icon b-nav-panel__link-icon_exterior_selected uid-03672487472697816"> <img src="https://leonardo.edadeal.io/dyn/re/icons/tabbar/v1/cashback-alt-off.png" width="24" height="24" class="b-nav-panel__link-icon b-nav-panel__link-icon_exterior_normal uid-03672487472697816"> <!----></button></li><li class="b-nav-panel__item uid-03672487472697816"><button value="@edadeal/coupons" data-id="2" role="tab" class="g-hint g-hint_pos_bottom uid-03672487472697816 b-nav-panel__link b-nav-panel__link_id_2 b-nav-panel__link_active_false"><!----><span class="b-nav-panel__cell b-nav-panel__link-value uid-03672487472697816">Купоны</span><img src="https://leonardo.edadeal.io/dyn/re/icons/tabbar/v1/coupons-on.png" width="24" height="24" class="b-nav-panel__link-icon b-nav-panel__link-icon_exterior_selected uid-03672487472697816"> <img src="https://leonardo.edadeal.io/dyn/re/icons/tabbar/v1/coupons-off.png" width="24" height="24" class="b-nav-panel__link-icon b-nav-panel__link-icon_exterior_normal uid-03672487472697816"> <!----></button></li><li class="b-nav-panel__item uid-03672487472697816"><button value="@edadeal/promo" data-id="3" role="tab" class="g-hint g-hint_pos_bottom uid-03672487472697816 b-nav-panel__link b-nav-panel__link_id_3 b-nav-panel__link_active_false"><!----><span class="b-nav-panel__cell b-nav-panel__link-value uid-03672487472697816">Розыгрыши</span><img src="https://leonardo.edadeal.io/dyn/re/icons/tabbar/v1/promo-on.png" width="24" height="24" class="b-nav-panel__link-icon b-nav-panel__link-icon_exterior_selected uid-03672487472697816"> <img src="https://leonardo.edadeal.io/dyn/re/icons/tabbar/v1/promo-off.png" width="24" height="24" class="b-nav-panel__link-icon b-nav-panel__link-icon_exterior_normal uid-03672487472697816"> <!----></button></li><li class="b-nav-panel__item uid-03672487472697816"><button value="@edadeal/lompakko" data-id="4" role="tab" class="g-hint g-hint_pos_bottom uid-03672487472697816 b-nav-panel__link b-nav-panel__link_id_4 b-nav-panel__link_active_false"><!----><span class="b-nav-panel__cell b-nav-panel__link-value uid-03672487472697816">Моё</span><img src="https://leonardo.edadeal.io/dyn/re/icons/tabbar/v1/profile-on-straight.png" width="24" height="24" class="b-nav-panel__link-icon b-nav-panel__link-icon_exterior_selected uid-03672487472697816"> <img src="https://leonardo.edadeal.io/dyn/re/icons/tabbar/v1/profile-off-straight.png" width="24" height="24" class="b-nav-panel__link-icon b-nav-panel__link-icon_exterior_normal uid-03672487472697816"> <!----></button></li></ul></div></div></div><div>  <!----><div data-render-counter="1" class="b-popover b-popover_opened_false i-block-helper uid-2495131558605268"><div class="b-popover__root-wrapper uid-2495131558605268"><div class="b-popover__before-text uid-2495131558605268"></div><!----><div class="b-popover__after-text uid-2495131558605268"></div></div><div data-popper-arrow="" class="b-popover__arrow uid-2495131558605268"></div></div></div><div data-render-counter="1" class="b-router i-block-helper uid-381435847033577"></div> <div> <!----></div><div> <!----></div><div> <!----><div data-render-counter="1" class="b-modal i-block-helper uid-4115764108213511"><!----> <!----></div></div><div> <!----></div><div data-render-counter="1" class="b-remote-provider i-block-helper uid-8266367660468878"></div> <div data-render-counter="1" class="b-remote-provider i-block-helper uid-8366931184929081"></div></div> <iframe src="https://sso.passport.yandex.ru/pull?origin=https%3A%2F%2Fedadeal.ru%2Fsankt-peterburg%2Fretailers%2F5ka%3Fpage%3D2&amp;uuid=a4ea95b6-3f09-462f-86c7-a504afad4c50" style="position: absolute; left: -1000px; top: -1000px;"></iframe></body></html><html lang="ru" class="p-root-active-true b-dynamic-page-active-true p-srch-retailer-active-true"><head> <meta charset="utf-8"> <title>Каталог магазина "Пятёрочка" - Акции с 1 августа по 31 августа</title> <link crossorigin="use-credentials" rel="manifest" href="https://edadeal.ru/manifest.json"> <meta name="description" content="Скидки и акции в магазине &quot;Пятёрочка&quot; на сегодня в Санкт-Петербурге. Актуальный каталог скидок c 1&nbsp;августа по 31&nbsp;августа на сайте и в мобильном приложении. Узнайте, где покупать дешевле и экономьте до 50% уже сегодня c Едадил."> <meta name="viewport" content="width=device-width, initial-scale=1.0, viewport-fit=cover, user-scalable=yes"> <meta name="fragment" content="!">  <meta name="google-site-verification" content="5isjz1gObpPn7PREXwtlGeFu6h7rNcYIEvFU6hLeeNI"> <script type="text/javascript" nonce="" async="" src="https://mc.yandex.ru/metrika/watch.js"></script><script type="application/ld+json" nonce="">{ "@context": "http://schema.org", "@type": "WebSite", "name": "Едадил", "alternateName": "Edadeal", "url": "https://edadeal.ru" }</script> <meta name="theme-color" content="#27ae61"> <link rel="icon" type="image/png" sizes="32x32" href="https://yastatic.net/s3/edadeal-public-static/web/app/76e1987d134280/static/img/favicon-32x32.png"><link rel="icon" type="image/png" sizes="96x96" href="https://yastatic.net/s3/edadeal-public-static/web/app/76e1987d134280/static/img/favicon-96x96.png"><link rel="icon" type="image/png" sizes="16x16" href="https://yastatic.net/s3/edadeal-public-static/web/app/76e1987d134280/static/img/favicon-16x16.png"> <link rel="icon" href="https://yastatic.net/s3/edadeal-public-static/web/app/76e1987d134280/static/img/favicon.ico">  <meta property="og:url" content="https://edadeal.ru/sankt-peterburg/retailers/5ka?page=3"><meta property="og:watson" content="https://leonardo.edadeal.io/dyn/re/retailers/images/icons/sq/06c522eb34f54fed99665f69cb0794b7.png?res=l"><meta property="og:type" content="website"><meta property="og:site_name" content="Едадил"><meta property="og:title" content="Каталог магазина &quot;Пятёрочка&quot; - Акции с 1 августа по 31 августа"><meta property="og:image" content="https://yastatic.net/s3/edadeal-public-static/web/app/76e1987d134280/static/img/share_pic.png"><meta property="og:image:width" content="1200"><meta property="og:image:height" content="628"> <meta property="twitter:card" content="summary_large_image"><meta property="twitter:site" content="@edadeal_tw"><meta property="twitter:creator" content="@edadeal_tw"><meta property="twitter:title" content="Каталог магазина &quot;Пятёрочка&quot; - Акции с 1 августа по 31 августа"><meta property="twitter:description" content="Скидки и акции в магазине &quot;Пятёрочка&quot; на сегодня в Санкт-Петербурге. Актуальный каталог скидок c 1&nbsp;августа по 31&nbsp;августа на сайте и в мобильном приложении. Узнайте, где покупать дешевле и экономьте до 50% уже сегодня c Едадил."><meta property="twitter:image" content="https://yastatic.net/s3/edadeal-public-static/web/app/76e1987d134280/static/img/share_pic.png"> <link rel="canonical" href="https://edadeal.ru/sankt-peterburg/retailers/5ka"> <script type="text/javascript" nonce="">!function(n,i){if(n.Ya=n.Ya||{},Ya.Rum)throw new Error("Rum: interface is already defined");var e=n.performance,t=e&&e.timing&&e.timing.navigationStart||Ya.startPageLoad||+new Date,a=n.requestAnimationFrame,s=Ya.Rum={enabled:!!e,vsStart:document.visibilityState,vsChanged:!1,_defTimes:[],_defRes:[],_deltaMarks:{},_markListeners:{},_settings:{},_vars:{},init:function(n,i){s._settings=n,s._vars=i},getTime:e&&e.now?function(){return e.now()}:Date.now?function(){return Date.now()-t}:function(){return new Date-t},time:function(n){s._deltaMarks[n]=[s.getTime()]},timeEnd:function(n,i){var e=s._deltaMarks[n];e&&0!==e.length&&e.push(s.getTime(),i)},sendTimeMark:function(n,i,e,t){void 0===i&&(i=s.getTime()),s._defTimes.push([n,i,t]),s.mark(n,i)},sendDelta:function(n,i,e){var t=s._deltaMarks;if(!t[n]&&void 0!==i){var a=s.getTime();t[n]=[a-i,a,e]}},sendResTiming:function(n,i){s._defRes.push([n,i])},sendRaf:function(n){var i=s.getSetting("forcePaintTimeSending");if(a&&(i||!s.isVisibilityChanged())){var e="2616."+n;a(function(){!i&&s.isVisibilityChanged()||(s.getSetting("sendFirstRaf")&&s.sendTimeMark(e+".205"),a(function(){!i&&s.isVisibilityChanged()||s.sendTimeMark(e+".1928")}))})}},isVisibilityChanged:function(){return s.vsStart&&("visible"!==s.vsStart||s.vsChanged)},mark:e&&e.mark?function(n,i){e.mark(n+(i?": "+i:""))}:function(){},getSetting:function(n){var i=s._settings[n];return null===i?null:i||""},on:function(n,i){"function"==typeof i&&(s._markListeners[n]=s._markListeners[n]||[]).push(i)},sendTrafficData:function(){},finalizeLayoutShiftScore:function(){},finalizeLargestContentfulPaint:function(){},getLCPAdditionalParams:function(){}};document.addEventListener&&document.addEventListener("visibilitychange",function n(){Ya.Rum.vsChanged=!0,document.removeEventListener("visibilitychange",n)})}(window);</script><script type="text/javascript" nonce="">!function(){if(window.PerformanceLongTaskTiming){var e=function(e,n){return(e=e.concat(n)).length>300&&(e=e.slice(e.length-300)),e},n=Ya.Rum._tti={events:[],eventsAfterTTI:[],fired:!1,observer:new PerformanceObserver(function(r){var t=r.getEntries();n.events=e(n.events,t),n.fired&&(n.eventsAfterTTI=e(n.eventsAfterTTI,t))})};n.observer.observe({entryTypes:["longtask"]})}}();</script> <script type="text/javascript" nonce="">var GLOBAL_NONCE = "KV7CEzt0pnCoXQ2ylwOBqg==";</script> <script type="text/javascript" nonce="">!function(e,t,a){(t[a]=t[a]||[]).push(function(){try{t.yaCounter=new Ya.Metrika({id:34675050,clickmap:!0,trackLinks:!0,accurateTrackBounce:!0,webvisor:!0,trackHash:!0})}catch(e){}});var n=e.getElementsByTagName("script")[0],c=e.createElement("script"),r=function(){n.parentNode.insertBefore(c,n)};c.type="text/javascript","undefined"!=typeof GLOBAL_NONCE&&c.setAttribute("nonce",GLOBAL_NONCE),c.async=!0,c.src="https://mc.yandex.ru/metrika/watch.js","[object Opera]"==t.opera?e.addEventListener("DOMContentLoaded",r,!1):r()}(document,window,"yandex_metrika_callbacks");</script> <!--Global site tag (gtag.js) - AdWords: 942218954 --> <link rel="preconnect" href="https://yastatic.net"><link rel="preconnect" href="https://usr.edadeal.ru"><link rel="preconnect" href="https://api.edadeal.ru"><link rel="preconnect" href="https://teleport.edadeal.ru"><link rel="preconnect" href="https://susanin.edadeal.ru"> <script src="https://sso.edadeal.ru/st/js/v1/mda2.1.min.js" nonce=""></script> <script type="text/javascript" nonce="">var $M=document.documentElement.clientWidth<960;$M||document.write('<script type="text/javascript" nonce="KV7CEzt0pnCoXQ2ylwOBqg==" src="https://yastatic.net/pcode/adfox/loader.js" crossorigin="anonymous"><\/script><script type="text/javascript" nonce="KV7CEzt0pnCoXQ2ylwOBqg==">function gtag(){dataLayer.push(arguments)}window.dataLayer=window.dataLayer||[],gtag("js",new Date),gtag("config","AW-942218954");<\/script>'); </script> <script type="text/javascript" nonce="">var BUILD_ID="76e1987d134280",GLOBAL_NONCE="KV7CEzt0pnCoXQ2ylwOBqg==",MANIFEST={"p-coupons-redirect":["p-pages-redirect"],"p-retailer":["p-offers"],$:["libs.js","base"]},ENVIRONMENT="production",VERSION="4.10.0",BLENDER=!1,CLIENT_BASE_URL="https://yastatic.net/s3/edadeal-public-static/web/app/76e1987d134280/client",STATIC_PATH="https://yastatic.net/s3/edadeal-public-static/web/app/76e1987d134280/static",RTB_BLOCKS=$M?{offers:"R-I-338786-1",footer:"R-I-338786-2",offer:"R-I-338786-6",offer_top:"R-I-338786-146"}:{pagination:"R-I-338751-1",sidebar:"R-I-338751-2",offer:"R-I-338751-9",cashback:"R-I-338751-4",mainpage:"R-I-338751-6",sidebar_middle:"R-I-338751-5",offers_horizontal:"R-I-338751-7",offers_cards:"R-I-338751-8",cashbacks_horizontal:"R-I-338751-7",cashbacks_cards:"R-I-338751-8",sku:"R-I-338751-3"},RTB_PARAMS={},ANALYTICS={logInConsole:!1},COLLECTION_LOCAL_CACHE_ATTRS={nonce:"KV7CEzt0pnCoXQ2ylwOBqg=="},API_SSO="https://sso.edadeal.ru",API_WEB="https://squark.edadeal.ru/web/",API_CB="https://cb.edadeal.ru/v2/",API_KOBAL="https://kobal.edastage.ru",API_CPS="https://api.edadeal.ru/wallet/v2/",API_USR="https://usr.edadeal.ru/auth/v1/",API_BARCODE="https://barcode.edadeal.ru/barcode/v3/",API_CHERCHER="https://search.edadeal.io/api/v2";$M?(VERSION='289d362b134311',document.write('<script type="text/javascript" nonce="KV7CEzt0pnCoXQ2ylwOBqg==" crossorigin="" src="https://yastatic.net/s3/edadeal-public-static/frontend/touch/289d362b134311/ES2018/init.js"><\/script>')):function(e,t,a,s,r,i,c,p,o,d,l,n){for(t.$&&s.push.apply(s,t.$),t["p-retailer"]&&s.push.apply(s,t["p-retailer"]),s.push("p-retailer");e!==s.length;++e)-1!==(n=s[e]).indexOf(".")?-1!==n.indexOf(".css")?r.push(n):i.push(n):(r.push(n+".css"),i.push(n+".js"));p+=a,c+=a,document.write(p+r.join('">'+p)+'">'+c+i.join('"><\/script>'+c)+'"><\/script>')}(0,MANIFEST,CLIENT_BASE_URL+"/",[],[],[],'<script type="text/javascript" nonce="KV7CEzt0pnCoXQ2ylwOBqg==" crossorigin="" src="','<link rel="stylesheet" nonce="KV7CEzt0pnCoXQ2ylwOBqg==" href="'); </script><script type="text/javascript" nonce="" crossorigin="" src="https://yastatic.net/s3/edadeal-public-static/frontend/touch/289d362b134311/ES2018/init.js"></script><link nonce="" href="https://yastatic.net/s3/edadeal-public-static/frontend/touch/289d362b134311/ES2018/touch_ES2018_d41d8cd9_std_style.css" rel="stylesheet"><script src="https://yastatic.net/s3/edadeal-public-static/frontend/touch/289d362b134311/ES2018/touch_ES2018_lib/12aaf990_rum-send.js" nonce=""></script><script src="https://yastatic.net/s3/edadeal-public-static/frontend/touch/289d362b134311/ES2018/touch_ES2018_lib/156471b2_rum-implementation.js" nonce=""></script><script src="https://yastatic.net/s3/edadeal-public-static/frontend/touch/289d362b134311/ES2018/touch_ES2018_lib/a49dfb0b_rum-onload.js" nonce=""></script><script src="https://yastatic.net/s3/edadeal-public-static/frontend/touch/289d362b134311/ES2018/touch_ES2018_lib/ce1c0084_rum-spa.js" nonce=""></script><script src="https://yastatic.net/s3/edadeal-public-static/frontend/touch/289d362b134311/ES2018/touch_ES2018_lib/7d078269_rum-scroll.js" nonce=""></script><script src="https://yastatic.net/s3/edadeal-public-static/frontend/touch/289d362b134311/ES2018/touch_ES2018_lib/02b2b439_error-i-over-rum.js" nonce=""></script><script src="https://yastatic.net/s3/edadeal-public-static/frontend/touch/289d362b134311/ES2018/touch_ES2018_lib/9f1f2200_error-implementation.js" nonce=""></script><script src="https://yastatic.net/s3/edadeal-public-static/frontend/touch/289d362b134311/ES2018/touch_ES2018_lib/4460a547_error-filters.js" nonce=""></script><script src="https://yastatic.net/s3/edadeal-public-static/frontend/touch/289d362b134311/ES2018/touch_ES2018_lib/a82547bb_error-log-error.js" nonce=""></script><script src="https://yastatic.net/s3/edadeal-public-static/frontend/touch/289d362b134311/ES2018/touch_ES2018_ece70726_error-init.standalone.js" nonce=""></script>  <link nonce="" href="https://yastatic.net/s3/edadeal-public-static/frontend/touch/289d362b134311/ES2018/touch_ES2018_537cb645_p-root_style.css" rel="stylesheet"><script src="https://yastatic.net/s3/edadeal-public-static/frontend/touch/289d362b134311/ES2018/touch_ES2018_4fe612a4_std.js" nonce=""></script><script src="https://yastatic.net/s3/edadeal-public-static/frontend/touch/289d362b134311/ES2018/touch_ES2018_lib/b923a9c3_requestidlecallback.js" nonce=""></script><script src="https://yastatic.net/s3/edadeal-public-static/frontend/touch/289d362b134311/ES2018/touch_ES2018_lib/20045257_eventemitter2.js" nonce=""></script><script src="https://yastatic.net/s3/edadeal-public-static/frontend/touch/289d362b134311/ES2018/touch_ES2018_lib/fd35228c_vue.js" nonce=""></script><script src="https://yastatic.net/s3/edadeal-public-static/frontend/touch/289d362b134311/ES2018/touch_ES2018_b822787d_index-core.js" nonce=""></script><script src="https://yastatic.net/s3/edadeal-public-static/frontend/touch/289d362b134311/ES2018/touch_ES2018_352ba565_p-root_tpl.js" nonce=""></script><script src="https://yastatic.net/s3/edadeal-public-static/frontend/touch/289d362b134311/ES2018/touch_ES2018_a7775590_p-root.js" nonce=""></script><style nonce="">.g-wrapper{border:1px solid c(FoggyWhite);border-radius:16px;display:flex;flex-direction:column}.g-wrapper_border_none{border:0}.g-wrapper_border_bottom{border-left:0;border-radius:0;border-right:0;border-top:0}.g-wrapper_border_bottom:last-child{border:0}.g-wrapper>*+*{position:relative}.g-wrapper>*+:before{absolute:top 0 left 0 right 0;background-color:c(FoggyWhite);content:"";display:block;height:1px}</style><style nonce="">.fade-enter-active,.fade-in-enter-active,.fade-leave-active{transition:opacity .3s}.fade-enter,.fade-in-enter,.fade-leave-to{opacity:0}a,abbr,acronym,address,applet,big,blockquote,body,caption,cite,code,dd,del,dfn,div,dl,dt,em,fieldset,form,h1,h2,h3,h4,h5,h6,html,iframe,img,ins,kbd,label,legend,li,object,ol,p,pre,q,s,samp,small,span,strike,strong,sub,sup,table,tbody,td,tfoot,th,thead,tr,tt,ul,var{border:0;font-family:inherit;font-size:100%;font-style:inherit;font-weight:inherit;margin:0;outline:0;padding:0;vertical-align:baseline}ol,ul{list-style:none}table{border-collapse:separate;border-spacing:0}caption,table,td,th{vertical-align:middle}caption,td,th{font-weight:400;text-align:left}.a img,a img{border:0}html{box-sizing:border-box;font-family:Open Sans,Arial,sans-serif}*,:after,:before{box-sizing:inherit}article,aside,canvas,details,figcaption,figure,footer,header,hgroup,main,menu,nav,section,summary{border:0;display:block;margin:0;outline:0;padding:0}audio,canvas,video{*zoom:1;display:inline-block;*display:inline}[hidden],audio:not([controls]){display:none}button,input,optgroup,select,textarea{color:inherit;font:inherit;margin:0;padding:0}button{background:none;overflow:visible}button,select{text-transform:none}button,html input[type=button],input[type=reset],input[type=submit]{cursor:pointer}button[disabled],html input[disabled]{cursor:default}input[type=number]::-webkit-inner-spin-button,input[type=number]::-webkit-outer-spin-button{height:auto}input[type=search]{box-sizing:content-box}input[type=search]::-webkit-search-cancel-button,input[type=search]::-webkit-search-decoration{-webkit-appearance:none}legend{border:0;padding:0}textarea{overflow:auto}.a{background-color:transparent;border:0;border-spacing:0;box-sizing:border-box;cursor:pointer;display:inline-block;font-family:Open Sans,Arial,sans-serif;font-weight:400;line-height:1;margin:0;outline:0;padding:0;text-align:left;text-decoration:none;text-indent:0;vertical-align:middle;white-space:normal}.a:focus{outline:0}@font-face{font-display:swap;font-family:YS Text;font-style:normal;font-weight:400;src:url(https://yastatic.net/s3/edadeal-public-static/frontend/touch/289d362b134311/ES2018/touch_ES2018_assets/1a39729ae4d3c904f1a13bfeba382db4.woff2) format("woff2")}@font-face{font-display:swap;font-family:YS Text;font-style:normal;font-weight:500;src:url(https://yastatic.net/s3/edadeal-public-static/frontend/touch/289d362b134311/ES2018/touch_ES2018_assets/43fa40c1c9caa4f10597ddcdae220f98.woff2) format("woff2")}@font-face{font-display:swap;font-family:YS Text;font-style:normal;font-weight:700;src:url(https://yastatic.net/s3/edadeal-public-static/frontend/touch/289d362b134311/ES2018/touch_ES2018_assets/965e1319d721e0746257c70706dafe00.woff2) format("woff2")}*,.a:focus{-webkit-tap-highlight-color:transparent}html{color:#09141f}a{color:#27ae61;text-decoration:none}input{caret-color:#000}.ul li{--bulletBackground:#27ae61;--bulletBorderRadius:2px;--bulletContent:"";--bulletHeight:4px;--bulletLeft:6px;--bulletTop:6px;--bulletWidth:4px;margin-top:16px;padding-left:28px;position:relative}.ul li:before{display:inline-block;position:absolute}@supports not (color:var(--color )){.ul li:before{background:#27ae61;border-radius:2px;content:"";height:4px;left:6px;top:6px;width:4px}}@supports (color:var(--color )){.ul li:before{background:var(--bulletBackground);border:var(--bulletBorder);border-radius:var(--bulletBorderRadius);color:var(--bulletColor);content:var(--bulletContent);height:var(--bulletHeight);left:var(--bulletLeft);top:var(--bulletTop);width:var(--bulletWidth)}}.ul li[data-bullet-content]:before{background:unset;content:attr(data-bullet-content);top:0}[data-ads-slot]>:not(:first-child){margin-top:16px}[data-ads-slot]:empty,[data-ads-slot]>:empty{display:none}.g-rtb__direct_js,.g-rtb__direct_native{position:relative;z-index:0}.g-loader{-webkit-animation:rotate 1s linear infinite;animation:rotate 1s linear infinite;background-position:50%;background-repeat:no-repeat;background-size:contain}@-moz-keyframes fade-out{0%{opacity:0}to{opacity:1}}@-webkit-keyframes fade-out{0%{opacity:0}to{opacity:1}}@-o-keyframes fade-out{0%{opacity:0}to{opacity:1}}@keyframes fade-out{0%{opacity:0}to{opacity:1}}@-moz-keyframes scale{0%{transform:scale(1)}to{transform:scale(2)}}@-webkit-keyframes scale{0%{transform:scale(1)}to{transform:scale(2)}}@-o-keyframes scale{0%{transform:scale(1)}to{transform:scale(2)}}@keyframes scale{0%{transform:scale(1)}to{transform:scale(2)}}@-moz-keyframes rotate{0%{transform:rotate(0deg)}to{transform:rotate(1turn)}}@-webkit-keyframes rotate{0%{transform:rotate(0deg)}to{transform:rotate(1turn)}}@-o-keyframes rotate{0%{transform:rotate(0deg)}to{transform:rotate(1turn)}}@keyframes rotate{0%{transform:rotate(0deg)}to{transform:rotate(1turn)}}</style><style nonce="">.b-shopping-list-control{background-color:#4d4d4d;color:#fff;height:auto;overflow:hidden;width:100%}.b-shopping-list-control-is-style-loaded{color:rgba(0,250,154,0)}.b-shopping-list-control__container{height:100%;overflow:hidden;width:100%}.b-shopping-list-control__container,.b-shopping-list-control__controls{align-items:center;display:flex;justify-content:space-between}.b-shopping-list-control__price,.b-shopping-list-control__quantity{font-family:YS Text;font-size:14px;font-weight:400;line-height:18px}.b-shopping-list-control__count{font-family:YS Text;font-size:16px;font-weight:500;line-height:20px;min-width:28px;text-align:center}.b-shopping-list-control__button{align-items:center;display:flex;height:auto;justify-content:center;width:auto}.b-shopping-list-control__dec,.b-shopping-list-control__inc{background:no-repeat 50%;filter:invert(1);height:24px;width:24px}.b-shopping-list-control__dec{background-image:url("data:image/svg+xml,%3csvg width='24' height='24' fill='none' xmlns='http://www.w3.org/2000/svg'%3e%3cpath d='M6 12h12' stroke='%2309141F' stroke-width='2' stroke-linecap='round' stroke-linejoin='round'/%3e%3c/svg%3e")}.b-shopping-list-control__inc{background-image:url("data:image/svg+xml,%3csvg width='24' height='24' fill='none' xmlns='http://www.w3.org/2000/svg'%3e%3cpath fill-rule='evenodd' clip-rule='evenodd' d='M11 11V6a1 1 0 1 1 2 0v5h5a1 1 0 1 1 0 2h-5v5a1 1 0 1 1-2 0v-5H6a1 1 0 1 1 0-2h5Z' fill='%2309141F'/%3e%3c/svg%3e")}</style><style nonce="">.b-toast{left:100%;padding:16px;position:fixed;transition:transform .3s ease-out;width:100%;z-index:999}.b-toast-is-style-loaded{color:rgba(0,250,154,0)}.b-toast__root-wrapper{align-items:center;background:#4d4d4d;border-radius:16px;box-sizing:border-box;display:flex;justify-content:flex-start;padding:16px;-webkit-user-select:none;-moz-user-select:none;-ms-user-select:none;user-select:none;width:100%}.b-toast_position_top{top:0;transform:translateY(-100%)}.b-toast_opened_true.b-toast_position_top{left:0;transform:translateY(100%)}.b-toast_position_bottom{bottom:0;transform:translateY(100%)}.b-toast_opened_true.b-toast_position_bottom{left:0;transform:translateY(0)}.b-toast_opened_false{transition:transform .3s ease-out,left 0s .3s,z-index 0s .3s;z-index:-1}.b-toast__text{-webkit-box-orient:vertical;-webkit-line-clamp:2;color:#fff;display:-webkit-box;flex:1 1 auto;font-family:YS Text;font-size:14px;font-weight:400;line-height:20px;margin-right:8px;overflow:hidden}.b-toast__icon-container{align-items:center;display:flex;flex:0 0 40px;height:40px;justify-content:center;margin-right:16px;width:40px}.b-toast__icon{font-size:40px}.b-toast__control{margin-left:auto}.b-toast__control-content{display:inline-block;max-width:104px;overflow:hidden;text-overflow:ellipsis;white-space:nowrap}</style><style nonce="">.b-modal-is-style-loaded{color:rgba(0,250,154,0)}</style><style nonce="">.b-disclaimer{background-color:#fff}.b-disclaimer-is-style-loaded{color:rgba(0,250,154,0)}</style><style nonce="">.b-header{background:#fff;color:#09141f}.b-header-is-style-loaded{color:rgba(0,250,154,0)}.b-header__container{align-items:center;display:flex;height:100%;width:100%}.b-header__left,.b-header__right{flex:0 0 auto;font-size:0}.b-header__center{flex:1 1 auto;overflow:hidden}.b-header__icon{font-size:24px}.b-header_bg_false{background:transparent;color:#fff}.b-header_edge_true{box-shadow:0 1px 0 #d8dbde}.b-header_animated_true{transition:background-color .1s cubic-bezier(.5,.5,.1,1),box-shadow .3s cubic-bezier(.5,.5,.1,1)}.b-header_height_standard{height:56px}.b-header_padding_true .b-header__container{padding:0 16px}.b-header_color_current .b-header__icon{color:currentColor}.b-header_center-slot_false .b-header__center{visibility:hidden}.b-back-header{background:#fff;color:#09141f}.b-back-header-is-style-loaded{color:rgba(0,250,154,0)}.b-back-header__container{align-items:center;display:flex;height:100%;width:100%}.b-back-header__left,.b-back-header__right{flex:0 0 auto;font-size:0}.b-back-header__center{flex:1 1 auto;overflow:hidden}.b-back-header__icon{font-size:24px}.b-back-header_bg_false{background:transparent;color:#fff}.b-back-header_edge_true{box-shadow:0 1px 0 #d8dbde}.b-back-header_animated_true{transition:background-color .1s cubic-bezier(.5,.5,.1,1),box-shadow .3s cubic-bezier(.5,.5,.1,1)}.b-back-header_height_standard{height:56px}.b-back-header_padding_true .b-back-header__container{padding:0 16px}.b-back-header_color_current .b-back-header__icon{color:currentColor}.b-back-header_center-slot_false .b-back-header__center{visibility:hidden}.b-back-header__title{color:#09141f;font-family:YS Text;font-size:18px;font-weight:500;line-height:28px;margin:0 16px;overflow:hidden;text-overflow:ellipsis;white-space:nowrap}.b-back-header_color_current .b-back-header__right-container,.b-back-header_color_current .b-back-header__title{color:currentColor}.b-back-header_border_true{border-bottom:1px solid #d8dbde}.b-back-header_title-size_l .b-back-header__title{font-family:YS Text;font-size:22px;font-weight:700;line-height:26px}</style><style nonce=""></style><style nonce=""></style><style nonce=""></style><style nonce="">.p-srch-retailer{display:flex;flex-direction:column;min-height:100vh}.p-srch-retailer-is-style-loaded{color:rgba(0,250,154,0)}.p-srch-retailer_hidden_true{display:none}.p-srch-retailer__wall-wrapper{display:flex;flex:1 1 auto;flex-direction:column;margin-top:2px}.p-srch-retailer__card:not(:last-child){margin-bottom:2px}.p-srch-retailer__page-offline-stub{display:none}.p-srch-retailer__offline-stub-img{height:120px;margin-bottom:24px;width:120px}.p-srch-retailer__offline-stub{display:flex;flex-direction:column;flex-grow:1;justify-content:center}.p-srch-retailer__offline-stub_from-top_true{margin-top:40px}.p-srch-retailer__version{color:#9ca3ab;font-size:10px;margin-top:-12px;text-align:center}.p-srch-retailer__single-banner{padding:0}.p-srch-retailer__card-ads,.p-srch-retailer__carousel-banner{margin:0}.p-srch-retailer [data-ads-slot]>:not(:first-child){margin-top:12px}.p-srch-retailer .g-rtb__page_name_p-srch-index,.p-srch-retailer .g-rtb__page_name_p-srch-offer,.p-srch-retailer .g-rtb__page_name_p-srch-retailer{margin-top:2px}.p-srch-retailer__blank-stub{display:none;flex-grow:1}.p-srch-retailer__blank-stub_top_true{margin-top:24px}.p-srch-retailer__blank-stub-img{background-position:50%;background-repeat:no-repeat;background-size:contain;height:196px;margin-bottom:24px;width:360px}.p-srch-retailer__blank-stub-content-wrap,.p-srch-retailer__blank-stub-main-content{align-items:center;display:flex;flex-direction:column}.p-srch-retailer__blank-stub-main-content{padding:0 16px;width:100%}.p-srch-retailer__blank-stub-title{font-family:YS Text;font-size:22px;font-weight:700;line-height:26px;margin-bottom:8px;max-width:295px;text-align:center}.p-srch-retailer__blank-stub-text{color:#9ca3ab;font-family:YS Text;font-size:14px;font-weight:700;line-height:18px;padding-bottom:24px;text-align:center}.p-srch-retailer__blank-stub-text_border-bottom_true{border-bottom:1px solid #d8dbde}.p-srch-retailer__blank-stub-button{margin-top:24px}.p-srch-retailer_main-feed-empty_true .p-srch-retailer__blank-stub_source_main-feed{display:flex;flex-direction:column;justify-content:center}.p-srch-retailer__alco-disclaimer{margin:2px 0;width:100%}.p-srch-retailer__alco-disclaimer_source_main-feed{display:none}.p-srch-retailer_main-feed-show-disclaimer_true .p-srch-retailer__alco-disclaimer_source_main-feed{display:block}.p-srch-retailer_main-feed-show-disclaimer_true .p-srch-retailer__alco-disclaimer_source_main-feed+.p-srch-retailer__offer-wall{margin-top:0}.p-srch-retailer__header-side-controls{align-items:center;display:flex}.p-srch-retailer__header-control+.p-srch-retailer__header-control{margin-left:16px}.p-srch-retailer__header-control-icon_type_geolocation,.p-srch-retailer__header-control-icon_type_scan,.p-srch-retailer__header-control-icon_type_search{background:no-repeat 50%;height:24px;width:24px}.p-srch-retailer__offer-wall{margin-top:2px}.p-srch-retailer__offer-wall:not(:empty){margin-bottom:12px;overflow:hidden}.p-srch-retailer__offer-wall_slider_true .p-srch-retailer__wall-container{white-space:nowrap;width:auto}.p-srch-retailer__offer-wall_slider_true .p-srch-retailer__wall-container:empty~.p-srch-retailer__offer-wall_slider_true .p-srch-retailer__loader{margin-left:16px}.p-srch-retailer__offer-wall_slider_true .p-srch-retailer__wall-wrapper{-webkit-overflow-scrolling:touch;display:flex;height:calc(100% + 25px);overflow:scroll;position:relative;width:100%}.p-srch-retailer__offer-wall_slider_true .p-srch-retailer__slider{overflow:hidden}.p-srch-retailer__offer-wall_slider_true .p-srch-retailer__wall-tombstones{white-space:nowrap}.p-srch-retailer__offer-wall_slider_true .p-srch-retailer__wall-tombstones>div{display:inline-block}.p-srch-retailer__offer-wall_slider_true .p-srch-retailer__wall-loader{white-space:nowrap}.p-srch-retailer__offer-wall_slider_true .p-srch-retailer__skeleton{display:inline-block;margin-left:16px}.p-srch-retailer__offer-wall_slider_true .p-srch-retailer__skeleton:first-child{margin-left:0}.p-srch-retailer__offer-wall_slider_true .p-srch-retailer__skeleton:last-child{margin-right:16px}.p-srch-retailer__offer-wall_slider_true .p-srch-retailer__card{display:inline-block;margin-left:16px;vertical-align:top}.p-srch-retailer__load-more-container{background-color:#fff;margin-top:3px;padding:16px}.p-srch-retailer__feed-title-content{display:flex}.p-srch-retailer__feed-title-content,.p-srch-retailer__feed-title-text{align-items:center;overflow:hidden;text-overflow:ellipsis;white-space:nowrap}.p-srch-retailer__feed-title-text{width:100%}.p-srch-retailer__feed-title{align-items:center;background-color:#fff;display:flex;font-family:YS Text;font-size:16px;font-weight:500;justify-content:space-between;line-height:20px;padding:16px 18px;position:-webkit-sticky;position:sticky;width:100%;z-index:2000}.p-srch-retailer__feed-title-icon{background-size:contain;border-radius:12px;flex:1 0 auto;height:24px;margin-right:16px;width:24px}.p-srch-retailer__feed-title-pin{background:no-repeat 50%;height:24px;width:24px}.p-srch-retailer__feed-empty-stub{align-items:center;background:#fff;display:flex;justify-content:space-between;padding:16px;width:100%}.p-srch-retailer__feed-empty-stub-image{background:no-repeat;background-position:50%;background-size:contain;flex:1 0 auto;height:86px;margin-right:16px;width:88px}.p-srch-retailer__feed-empty-stub-text{font-family:YS Text;font-size:14px;font-weight:400;line-height:20px;text-align:center}.p-srch-retailer__segment-switch-container{display:flex;flex:1 1 auto;min-height:100%}.p-srch-retailer__segment-switcher[class]{background:#fff;height:48px;margin-bottom:12px;overflow:hidden;padding-top:12px}.p-srch-retailer__float{align-items:center;background:#fff;display:flex;overflow:auto;position:relative}.p-srch-retailer__segment-switcher-wrapper{max-width:100%;overflow:hidden}.p-srch-retailer__menu{background:#fff;display:none;flex:0 0 32px;left:0;margin-right:-8px;padding-left:16px;padding-right:2px;padding-top:4px;position:-webkit-sticky;position:sticky;z-index:2}.p-srch-retailer__menu:after{background-color:#fff;box-shadow:0 0 6px 6px #fff;content:"";display:block;height:100%;left:100%;position:absolute;z-index:-1}.p-srch-retailer__menu_show_true{align-items:center;display:flex;flex-direction:column;justify-content:center}.p-srch-retailer__menu-button{border-radius:12px;height:32px;padding:0;width:32px}.p-srch-retailer__menu-icon{align-items:center;display:flex;flex-direction:column;justify-content:center}.p-srch-retailer__menu-icon:before{background:no-repeat 50%;content:"";display:block;height:24px;width:24px}.p-srch-retailer_main-feed-offline_true .p-srch-retailer__page-offline-stub{display:block}.p-srch-retailer__shops-pre-icon{align-self:center;background:no-repeat 50%;height:16px;margin-right:4px;width:16px}.p-srch-retailer__offer-wall-header{align-items:center;background-color:#fff;display:flex;justify-content:center;margin-top:12px}.p-srch-retailer .p-srch-retailer__favorite-toggle_checked_true,.p-srch-retailer__favorite-toggle{background:no-repeat 50%;height:24px;width:24px}.p-srch-retailer__setting-control{align-items:center;display:flex;flex:1 1 50%;justify-content:center;opacity:1;padding:10px 0;position:relative;transition:opacity .1s ease-out}.p-srch-retailer__setting-control+.p-srch-retailer__setting-control:before{background-color:#f3f4f4;content:"";display:block;height:20px;left:0;position:absolute;width:2px}.p-srch-retailer__shop-info-wrapper:empty,.p-srch-retailer_main-feed-empty_true .p-srch-retailer__offer-wall-header,.p-srch-retailer_main-feed-empty_true .p-srch-retailer__segment-switch-sticky,.p-srch-retailer_main-feed-empty_true .p-srch-retailer__wall-wrapper{display:none}.p-srch-retailer__shop-info{background-color:#fff;padding:8px 16px 4px}.p-srch-retailer__shop-address{font-family:YS Text;font-size:14px;font-weight:400;line-height:18px}.p-srch-retailer__shop-additional{color:#9ca3ab;font-family:YS Text;font-size:13px;font-weight:400;line-height:16px;margin-top:4px}.p-srch-retailer__segment-switch-second .p-srch-retailer__segment-switcher{height:36px;margin-bottom:0;padding-top:0}.p-srch-retailer__subscribe-plank{margin:20px 10px}.p-srch-retailer__sort-wrapper{padding-bottom:16px}.p-srch-retailer__sort{align-items:center;background-color:#fff;border-radius:41px;box-shadow:0 0 8px rgba(9,20,31,.12),0 6px 8px rgba(9,20,31,.12);display:flex;font-family:YS Text;font-size:14px;font-weight:500;height:38px;justify-content:center;line-height:20px;padding:0 12px 0 16px}.p-srch-retailer__sort-icon{background:no-repeat 50%;height:16px;margin-left:4px;width:16px}.p-srch-retailer__blank-stub-img{background-image:url(https://yastatic.net/s3/edadeal-public-static/frontend/touch/289d362b134311/ES2018/touch_ES2018_assets/8184f734f8b6986132197ee39dacb759.svg)}.p-srch-retailer__header-control-icon_type_search{background-image:url("data:image/svg+xml,%3csvg width='24' height='24' fill='none' xmlns='http://www.w3.org/2000/svg'%3e%3cpath fill-rule='evenodd' clip-rule='evenodd' d='M9.5 18c1.71 0 3.287-.573 4.55-1.537l4.743 4.744a1 1 0 1 0 1.414-1.414l-4.744-4.744A7.5 7.5 0 1 0 9.5 18Zm5.5-7.5a5.5 5.5 0 1 1-11 0 5.5 5.5 0 0 1 11 0Z' fill='%2309141F'/%3e%3c/svg%3e")}.p-srch-retailer__header-control-icon_type_scan{background-image:url("data:image/svg+xml,%3csvg width='24' height='24' fill='none' xmlns='http://www.w3.org/2000/svg'%3e%3cpath fill-rule='evenodd' clip-rule='evenodd' d='M19.5 9.005a1.5 1.5 0 0 0 1.5-1.5V4.5A1.5 1.5 0 0 0 19.5 3h-3A1.5 1.5 0 0 0 15 4.5v3.005a1.5 1.5 0 0 0 1.5 1.5h3ZM19 5v2.005h-2V5h2ZM9 7.5V4.504a1.5 1.5 0 0 0-1.498-1.5l-3-.004A1.5 1.5 0 0 0 3 4.5v3A1.5 1.5 0 0 0 4.5 9h3A1.5 1.5 0 0 0 9 7.5ZM5 7V5l2 .002V7H5Zm4 11.5H7v.5H5v-.5H3v1A1.5 1.5 0 0 0 4.5 21h3A1.5 1.5 0 0 0 9 19.5v-1Zm-.134-6H3.134A1 1 0 0 1 4 11h4a1 1 0 0 1 .866 1.5Zm2.247 0A1.058 1.058 0 0 1 11 12V4a1 1 0 0 1 2 0v8a.995.995 0 0 1-.134.5h-1.753Zm9.753 0H15V12a1 1 0 0 1 1-1h4a1 1 0 0 1 .866 1.5ZM19 18.5h2v1a1.5 1.5 0 0 1-1.498 1.5l-3.5.005a1.001 1.001 0 0 1-.71-1.706 1 1 0 0 1 .707-.294L19 19v-.5Zm-8 0h2V20a1 1 0 0 1-2 0v-1.5Z' fill='%2309141F'/%3e%3cpath d='M22 14.5H2a1 1 0 1 0 0 2h20a1 1 0 1 0 0-2Z' fill='%2327AE61'/%3e%3c/svg%3e")}.p-srch-retailer__header-control-icon_type_geolocation{background-image:url("data:image/svg+xml,%3csvg width='24' height='24' fill='none' xmlns='http://www.w3.org/2000/svg'%3e%3cpath fill-rule='evenodd' clip-rule='evenodd' d='M12 22c5.523 0 10-4.477 10-10S17.523 2 12 2 2 6.477 2 12s4.477 10 10 10Zm0-2a8 8 0 1 0 0-16 8 8 0 0 0 0 16Zm-.121-3.778c.192.705 1.178.746 1.428.059l2.644-7.27a.75.75 0 0 0-.961-.962l-7.27 2.644c-.688.25-.647 1.236.058 1.428L11 13l.879 3.222Z' fill='%23000'/%3e%3c/svg%3e")}.p-srch-retailer__feed-title-pin{background-image:url(https://yastatic.net/s3/edadeal-public-static/frontend/touch/289d362b134311/ES2018/touch_ES2018_assets/60e8b4d679062e9cdfe23d1593854f52.svg)}.p-srch-retailer__feed-empty-stub-image{background-image:url(https://yastatic.net/s3/edadeal-public-static/frontend/touch/289d362b134311/ES2018/touch_ES2018_assets/de72b3bb0949aa208b8e540bfea69318.svg)}.p-srch-retailer__menu-icon:before{background-image:url("data:image/svg+xml,%3csvg width='24' height='24' fill='none' xmlns='http://www.w3.org/2000/svg'%3e%3cpath d='M5.5 7a.5.5 0 0 1 .5-.5h12a.5.5 0 0 1 0 1H6a.5.5 0 0 1-.5-.5Zm0 5a.5.5 0 0 1 .5-.5h7.333a.5.5 0 1 1 0 1H6a.5.5 0 0 1-.5-.5Zm0 5a.5.5 0 0 1 .5-.5h10.133a.5.5 0 1 1 0 1H6a.5.5 0 0 1-.5-.5Z' fill='%2309141F' stroke='%2309141F'/%3e%3c/svg%3e")}.p-srch-retailer__shops-pre-icon{background-image:url("data:image/svg+xml,%3csvg width='16' height='16' fill='none' xmlns='http://www.w3.org/2000/svg'%3e%3cpath fill-rule='evenodd' clip-rule='evenodd' d='M2.5 6.75C2.5 3.85 4.963 1.5 8 1.5s5.5 2.351 5.5 5.25c0 2.065-1.25 3.852-3.066 4.709-1.187.588-1.883 1.203-2.125 1.845-.044.117-.18.196-.309.196-.13 0-.266-.079-.31-.197-.243-.64-.936-1.256-2.124-1.844C3.75 10.6 2.5 8.815 2.5 6.749ZM8 8.25c.868 0 1.572-.672 1.572-1.5 0-.83-.704-1.5-1.572-1.5-.868 0-1.572.671-1.572 1.5S7.132 8.25 8 8.25Z' fill='%2309141F'/%3e%3c/svg%3e")}.p-srch-retailer__favorite-toggle{background-image:url("data:image/svg+xml,%3csvg width='24' height='24' fill='none' xmlns='http://www.w3.org/2000/svg'%3e%3cpath fill-rule='evenodd' clip-rule='evenodd' d='M2 8.979c0 3.84 3.103 7.808 9.5 11.903.246.157.754.157 1 0 6.397-4.095 9.5-8.063 9.5-11.903 0-6.686-7.85-7.756-10-3.253C9.85 1.223 2 2.293 2 8.98Zm10 9.82C7 15.5 4 12.15 4 9 4 6 6 5 7.5 5c1.791 0 2.713 1.38 3.399 2.408.406.608.73 1.092 1.101 1.092.366 0 .665-.469 1.044-1.063C13.701 6.407 14.598 5 16.5 5 18 5 20 6.287 20 9c0 5-8 9.8-8 9.8Z' fill='%2309141F'/%3e%3c/svg%3e")}.p-srch-retailer .p-srch-retailer__favorite-toggle_checked_true{background-image:url("data:image/svg+xml,%3csvg width='24' height='24' fill='none' xmlns='http://www.w3.org/2000/svg'%3e%3cpath d='M11.5 20.882C5.103 16.787 2 12.819 2 8.979c0-6.686 7.85-7.756 10-3.253 2.15-4.503 10-3.433 10 3.253 0 3.84-3.103 7.808-9.5 11.903-.246.157-.754.157-1 0Z' fill='%23F55'/%3e%3c/svg%3e")}.p-srch-retailer__sort-icon{background-image:url("data:image/svg+xml,%3csvg width='16' height='16' fill='none' xmlns='http://www.w3.org/2000/svg'%3e%3cpath d='m7.998 9.334 4.793-4.79a1 1 0 1 1 1.414 1.415l-5.5 5.497a1 1 0 0 1-1.414 0l-5.5-5.497a1 1 0 1 1 1.414-1.414l4.793 4.79Z' fill='%2309141F'/%3e%3c/svg%3e")}</style><style nonce="">.b-bottom-slide{z-index:2000}.b-bottom-slide-is-style-loaded{color:rgba(0,250,154,0)}.b-bottom-slide__history{height:100%}.b-bottom-slide [data-sub-pages]{left:100vw;position:absolute;top:0;z-index:2000}.b-bottom-slide [data-sub-pages],.b-bottom-slide [data-sub-pages]>[data-page]{height:auto;position:absolute;width:100%}.b-bottom-slide__page_turning_in{transform:translateX(-100vw)}.b-bottom-slide__window{-webkit-overflow-scrolling:touch;-ms-scroll-chaining:none;height:100%;left:0;overscroll-behavior:none;position:fixed;top:100%;transform:translateZ(0);width:100%;will-change:transform;z-index:2000}.b-bottom-slide__title{tap-highlight-color:transparent}.b-bottom-slide__view{overflow:hidden;position:relative;transform:translateZ(0)}.b-bottom-slide__content{height:100%;position:relative}.b-bottom-slide__overlay{height:100%;left:0;opacity:0;position:fixed;top:0;visibility:hidden;width:100%;z-index:2000}.b-bottom-slide__trigger{height:1px;width:100%}.b-bottom-slide_opened_true .b-bottom-slide__overlay{visibility:visible}.b-bottom-slide-fullscreen-moving-true .b-bottom-slide__view{pointer-events:auto}.b-bottom-slide_events_false .b-bottom-slide__overlay{pointer-events:none}.b-bottom-slide_stick_false .b-bottom-slide__overlay,.b-bottom-slide_stick_false .b-bottom-slide__window{transition:none}.b-bottom-slide_height-mode_content .b-bottom-slide__view{height:auto}.b-bottom-slide__page{position:relative}.b-bottom-slide__history:after{background:no-repeat 50%;background-size:cover;content:"";display:none;height:64px;left:50%;margin-left:-32px;margin-top:-32px;position:absolute;top:50%;width:64px;z-index:2001}.b-bottom-slide [data-content]{transform:translateZ(0);transition:opacity .3s ease-out}.b-bottom-slide_progress_true .b-bottom-slide__history:after{-webkit-animation:rotate 1s linear infinite;animation:rotate 1s linear infinite;display:block}.b-bottom-slide_progress_true [data-content]{opacity:0;transition:none}.b-bottom-slide__history{overflow:hidden;position:relative}.b-bottom-slide_opened_false .b-bottom-slide__toggler-stripe{visibility:hidden}.b-bottom-slide_hidden_true{transition:visibility .1s .3s;visibility:hidden}.b-bottom-slide_hidden_true .b-bottom-slide__overlay{opacity:0;transition:opacity .15s,visibility .15s;visibility:hidden}.b-bottom-slide__window{background-color:#fff;transition:transform .15s cubic-bezier(0,0,.64,1.1)}.b-bottom-slide_top-border-radius_s .b-bottom-slide__window{border-top-left-radius:10px;border-top-right-radius:10px}.b-bottom-slide_top-border-radius_m .b-bottom-slide__window{border-top-left-radius:16px;border-top-right-radius:16px}.b-bottom-slide__header,.b-bottom-slide__toggler-stripe{border-top-left-radius:inherit;border-top-right-radius:inherit}.b-bottom-slide__toggler-stripe{background-color:#fff;display:flex;height:24px;justify-content:center;width:100%}.b-bottom-slide__view{box-sizing:border-box;height:100%;width:100%}.b-bottom-slide__content{overflow:hidden;transform:translateZ(0);width:100%}.b-bottom-slide__overlay{background-color:#09141f;transition:opacity .3s}.b-bottom-slide__toggler{background-color:#fff;border-radius:100px;height:4px;left:50%;position:absolute;top:-8px;transform:translateX(-50%);width:40px}.b-bottom-slide_dynamic-toggler_true .b-bottom-slide__toggler{background-color:rgba(48,64,80,.6)}.b-bottom-slide_dynamic-toggler_true.b-bottom-slide_events_false .b-bottom-slide__toggler{background-color:unset;background-position:50%;background-repeat:no-repeat;height:10px;top:-16px;width:28px}.b-bottom-slide__page_below_true{opacity:0;pointer-events:none;transform:translateX(-10%)}.b-bottom-slide__page_turning_in{display:block;opacity:1}.b-bottom-slide [data-sub-pages] .b-bottom-slide__page_below_true{pointer-events:none;transform:translateX(-110vw)}.b-bottom-slide [data-title].b-bottom-slide__title_in-view_false{background-color:#fff;border-bottom-color:#f3f4f4;position:-webkit-sticky;position:sticky;top:-1px;z-index:2000}.b-bottom-slide [data-page=index] [data-title].b-bottom-slide__title_in-view_false{font-family:YS Text;font-size:18px;font-weight:400;line-height:28px}.b-bottom-slide_opened_false .b-bottom-slide__toggler{visibility:hidden}.b-bottom-slide-fullscreen-moving-true{pointer-events:none}.b-bottom-slide [data-page=index] [data-title]{font-family:YS Text;font-size:32px;font-weight:700;line-height:36px;margin-bottom:18px}.b-bottom-slide [data-page]{background-color:#fff;overflow:auto;transition:transform .15s cubic-bezier(0,0,.64,1.1),opacity .15s cubic-bezier(0,0,.64,1.1)}.b-bottom-slide_content-offset_true [data-page]{padding-bottom:20px}.b-bottom-slide [data-title]{align-items:center;border-bottom:1px solid transparent;display:flex;font-family:YS Text;font-size:18px;font-weight:400;height:44px;justify-content:flex-start;line-height:28px;transition:background-color .15s cubic-bezier(0,0,.64,1.1),border-bottom-color .15s cubic-bezier(0,0,.64,1.1);-webkit-user-select:none;-moz-user-select:none;-ms-user-select:none;user-select:none;width:100%}.b-bottom-slide__history:after{background-image:url(https://yastatic.net/s3/edadeal-public-static/frontend/touch/289d362b134311/ES2018/touch_ES2018_assets/528723a93a794331abe0b496de5437fd.png)}.b-bottom-slide_dynamic-toggler_true.b-bottom-slide_events_false .b-bottom-slide__toggler{background-image:url("data:image/svg+xml,%3csvg width='28' height='10' fill='none' xmlns='http://www.w3.org/2000/svg'%3e%3cpath d='M2.743 9.856a2 2 0 0 1-1.485-3.713l12-6a2 2 0 0 1 1.485 0l12 6a2 2 0 1 1-1.486 3.713L14 4.154 2.743 9.856Z' fill='%23304050' fill-opacity='.6'/%3e%3c/svg%3e")}</style><style nonce="">.b-dialog-bottom-slide-is-style-loaded{color:rgba(0,250,154,0)}.b-dialog-bottom-slide__img-container{align-items:center;display:flex;justify-content:center}.b-dialog-bottom-slide__img{height:138px;width:168px}.b-dialog-bottom-slide_hide-image_true .b-dialog-bottom-slide__img{display:none}.b-dialog-bottom-slide_has-ads_true .b-dialog-bottom-slide__ads{display:block}.b-dialog-bottom-slide__title{font-family:YS Text;font-size:22px;font-weight:700;line-height:26px;text-align:center}.b-dialog-bottom-slide__img-container+.b-dialog-bottom-slide__title{margin-top:24px}.b-dialog-bottom-slide_hide-image_true .b-dialog-bottom-slide__title{margin-top:0}.b-dialog-bottom-slide__text{font-family:YS Text;font-size:16px;font-weight:400;line-height:20px;margin-top:12px;text-align:center}.b-dialog-bottom-slide__sub-text{margin-top:18px;text-align:center}.b-dialog-bottom-slide__sub-text-title{color:#9ca3ab;font-family:YS Text;font-size:13px;font-weight:400;line-height:16px}.b-dialog-bottom-slide__sub-text-desc{color:#09141f;font-family:YS Text;font-size:16px;font-weight:400;line-height:20px}.b-dialog-bottom-slide__sub-text-title+.b-dialog-bottom-slide__sub-text-desc{margin-top:2px}.b-dialog-bottom-slide__ads{display:none;margin:24px 16px 0}.b-dialog-bottom-slide__single-banner{height:300px;padding:0;position:relative;text-align:center;width:100%}@media screen and (max-height:670px){.b-dialog-bottom-slide__single-banner{height:250px}}@media screen and (max-height:570px){.b-dialog-bottom-slide__single-banner{height:200px}}@media screen and (max-height:520px){.b-dialog-bottom-slide__single-banner{height:170px}}.b-dialog-bottom-slide__single-banner .b-dialog-bottom-slide__banner-img{left:50%;max-height:100%;max-width:100%;position:absolute;top:50%;transform:translate(-50%,-50%);width:auto}.b-dialog-bottom-slide__primary-control{margin-top:24px;width:100%}.b-dialog-bottom-slide__secondary-control{margin-top:16px;width:100%}.b-dialog-bottom-slide__disclaimer{color:#9ca3ab;font-family:YS Text;font-size:11px;font-weight:400;line-height:14px;margin:20px 16px 0;text-align:center}.b-dialog-bottom-slide__view{padding:0 16px}</style><style nonce="">.b-dialog-window{display:none}.b-dialog-window-is-style-loaded{color:rgba(0,250,154,0)}.b-dialog-window__img-container{align-items:center;display:flex;justify-content:center}.b-dialog-window__img{height:138px;width:168px}.b-dialog-window_hide-image_true .b-dialog-window__img{display:none}.b-dialog-window_has-ads_true .b-dialog-window__ads{display:block}.b-dialog-window__title{font-family:YS Text;font-size:22px;font-weight:700;line-height:26px;text-align:center}.b-dialog-window__img-container+.b-dialog-window__title{margin-top:24px}.b-dialog-window_hide-image_true .b-dialog-window__title{margin-top:0}.b-dialog-window__text{font-family:YS Text;font-size:16px;font-weight:400;line-height:20px;margin-top:12px;text-align:center}.b-dialog-window__sub-text{margin-top:18px;text-align:center}.b-dialog-window__sub-text-title{color:#9ca3ab;font-family:YS Text;font-size:13px;font-weight:400;line-height:16px}.b-dialog-window__sub-text-desc{color:#09141f;font-family:YS Text;font-size:16px;font-weight:400;line-height:20px}.b-dialog-window__sub-text-title+.b-dialog-window__sub-text-desc{margin-top:2px}.b-dialog-window__ads{display:none;margin:24px 16px 0}.b-dialog-window__single-banner{height:300px;padding:0;position:relative;text-align:center;width:100%}@media screen and (max-height:670px){.b-dialog-window__single-banner{height:250px}}@media screen and (max-height:570px){.b-dialog-window__single-banner{height:200px}}@media screen and (max-height:520px){.b-dialog-window__single-banner{height:170px}}.b-dialog-window__single-banner .b-dialog-window__banner-img{left:50%;max-height:100%;max-width:100%;position:absolute;top:50%;transform:translate(-50%,-50%);width:auto}.b-dialog-window__primary-control{margin-top:24px;width:100%}.b-dialog-window__secondary-control{margin-top:16px;width:100%}.b-dialog-window__disclaimer{color:#9ca3ab;font-family:YS Text;font-size:11px;font-weight:400;line-height:14px;margin:20px 16px 0;text-align:center}.b-dialog-window__wrapper{width:100%}.b-dialog-window__wrapper,.b-dialog-window_opened_true{align-items:center;display:flex;flex-direction:column;justify-content:center}.b-dialog-window_opened_true{background-color:#f3f4f4;height:100%;left:0;padding:16px;position:fixed;top:0;width:100vw;z-index:1000}</style><style nonce="">.b-checkbox{contain:paint;position:relative}.b-checkbox-is-style-loaded{color:rgba(0,250,154,0)}.b-checkbox_disabled_true{cursor:default}.b-checkbox_disabled_true .b-checkbox__over-wrapper{display:block}.b-checkbox_hidden_true{display:none}.b-checkbox__hidden-input{padding:0;width:0}.b-checkbox__wrapper{cursor:pointer;display:flex}.b-checkbox__checkbox{cursor:pointer;display:block}.b-checkbox__label{-webkit-user-select:none;-moz-user-select:none;-ms-user-select:none;user-select:none}.b-checkbox__hidden-input{opacity:0;position:absolute;z-index:-1}.b-checkbox__checkbox{align-items:center;display:flex;justify-content:center}.b-checkbox__wrapper{align-items:center}.b-checkbox__check{background:no-repeat 50%;display:none;height:16px;width:16px}.b-checkbox .b-checkbox__label{font-family:YS Text;font-size:16px;font-weight:400;line-height:20px}.b-checkbox.b-checkbox_checked_true .b-checkbox__checkbox{background-color:#27ae61;border:2px solid #27ae61;border-radius:8px;height:24px;width:24px}.b-checkbox.b-checkbox_checked_true .b-checkbox__check{color:#fff}.b-checkbox .b-checkbox__checkbox{background-color:#fff;border:2px solid #ddd;border-radius:8px;height:24px;width:24px}.b-checkbox .b-checkbox__label{color:#09141f;margin-left:8px}.b-checkbox .b-checkbox__check{display:none}.b-checkbox.b-checkbox_checked_true .b-checkbox__check{display:block}.b-checkbox_exterior_switch.b-checkbox_checked_true .b-checkbox__checkbox{background-color:#27ae61;border:2px solid #27ae61;border-radius:100px;height:22px;width:40px}.b-checkbox_exterior_switch.b-checkbox_checked_true .b-checkbox__check{border-radius:100%;color:#fff;height:18px;transform:translateX(18px);width:18px}.b-checkbox_exterior_switch .b-checkbox__checkbox{background-color:#ddd;border:2px solid #ddd;border-radius:100px;height:22px;width:40px}.b-checkbox_exterior_switch .b-checkbox__check{background-color:#fff;border-radius:100%;color:#fff;height:18px;width:18px}.b-checkbox_exterior_switch .b-checkbox__label{color:#09141f}.b-checkbox_exterior_switch .b-checkbox__check{display:none}.b-checkbox_exterior_switch.b-checkbox_checked_true .b-checkbox__check{display:block}.b-checkbox_exterior_switch .b-checkbox__check{background-image:none;display:block;transition:transform .15s ease-in}.b-checkbox_exterior_switch .b-checkbox__checkbox{align-items:flex-start;display:flex;justify-content:flex-start;transition:background-color .15s ease-in,border-color .15s ease-in}.b-checkbox_show-error_true .b-checkbox__checkbox{border-color:#f55}.b-checkbox_exterior_switch .b-checkbox__checkbox{height:24px}.b-checkbox_exterior_switch .b-checkbox__check{height:20px;width:20px}.b-checkbox_exterior_switch.b-checkbox_checked_true .b-checkbox__check{transform:translateX(16px)}.b-checkbox__check{background-image:url("data:image/svg+xml,%3csvg width='16' height='16' fill='none' xmlns='http://www.w3.org/2000/svg'%3e%3cpath d='M12.838 5.577a.939.939 0 0 0-1.327-1.327L6.418 9.343 4.492 7.418a.939.939 0 0 0-1.327 1.327l2.585 2.584a.939.939 0 0 0 1.282.043.947.947 0 0 0 .096-.084l5.71-5.71Z' fill='%23fff'/%3e%3c/svg%3e")}</style><style nonce="">.b-srch-subscribe-is-style-loaded{color:rgba(0,250,154,0)}.b-srch-subscribe_redesign_false{align-items:center;border:1px solid #d8dbde;border-radius:16px;display:flex;padding:16px}.b-srch-subscribe_exterior_bell,.b-srch-subscribe_exterior_checkbox{border:0;padding:0}.b-srch-subscribe_exterior_radio{border:0}.b-srch-subscribe_exterior_plank.b-srch-subscribe_has-description_true{align-items:flex-start}.b-srch-subscribe_exterior_plank.b-srch-subscribe_has-description_true .b-srch-subscribe__control{margin-top:8px}.b-srch-subscribe__title{font-family:YS Text;font-size:16px;font-weight:400;line-height:20px;width:calc(100% - 12px)}.b-srch-subscribe__switch{height:24px;width:40px}.b-srch-subscribe__icon{background:no-repeat 50%;height:24px;width:24px}.b-srch-subscribe__icon-wrapper{align-items:center;background-color:#fff;border-radius:50%;display:flex;flex-shrink:0;height:40px;justify-content:center;margin-right:16px;width:40px}.b-srch-subscribe__control{height:24px;margin-left:auto;min-width:40px;position:relative;width:40px}.b-srch-subscribe__loader{display:none;height:24px;left:calc(50% - 12px);position:absolute;top:calc(50% - 12px);width:24px}.b-srch-subscribe__description{color:#9ca3ab;font-family:YS Text;font-size:13px;font-weight:500;line-height:16px;margin-top:8px}.b-srch-subscribe__radio-title{flex:1}.b-srch-subscribe__wrapper{margin-left:auto}.b-srch-subscribe[placement=offer-wall]{margin:20px 16px}.b-srch-subscribe_exterior_radio .b-srch-subscribe__loader{margin-left:-7px}.b-srch-subscribe_exterior_radio.b-srch-subscribe_subscribed_true{pointer-events:none}.b-srch-subscribe_exterior_plank.b-srch-subscribe_has-data_false .b-srch-subscribe__loader{display:block}.b-srch-subscribe_exterior_plank.b-srch-subscribe_has-data_false .b-srch-subscribe__switch{display:none}.b-srch-subscribe_subscribed_false .b-srch-subscribe__bell,.b-srch-subscribe_subscribed_true .b-srch-subscribe__bell{background:no-repeat 50%;height:24px;width:24px}.b-srch-subscribe_subscription-progress_true .b-srch-subscribe__loader{display:block}.b-srch-subscribe_subscription-progress_true .b-srch-subscribe__switch{display:none;pointer-events:none}.b-srch-subscribe_subscription-progress_true .b-srch-subscribe__bell{background:no-repeat 50%;height:24px;opacity:.5;pointer-events:none;width:24px}.b-srch-subscribe_exterior_radio .b-srch-subscribe__wrapper{display:flex;width:100%}.b-srch-subscribe_redesign_true .b-srch-subscribe__body{align-items:center;display:flex}.b-srch-subscribe_redesign_true .b-srch-subscribe__icon-wrapper{background-color:rgba(255,0,0,.12);margin-right:12px}.b-srch-subscribe_redesign_true .b-srch-subscribe__icon{background:no-repeat 50%;height:24px;transform:scale(.833333333333333);width:24px}.b-srch-subscribe_redesign_true .b-srch-subscribe__info{color:#9ca3ab;font-family:YS Text;font-size:16px;font-weight:400;line-height:20px}.b-srch-subscribe_redesign_true .b-srch-subscribe__control{height:24px}.b-srch-subscribe_redesign_true.b-srch-subscribe_subscribed_true .b-srch-subscribe__icon{background:no-repeat 50%;height:24px;width:24px}.b-srch-subscribe__icon,.b-srch-subscribe_subscription-progress_true .b-srch-subscribe__bell{background-image:url("data:image/svg+xml,%3csvg width='24' height='24' fill='none' xmlns='http://www.w3.org/2000/svg'%3e%3cpath d='M11.5 20.882C5.103 16.787 2 12.819 2 8.979c0-6.686 7.85-7.756 10-3.253 2.15-4.503 10-3.433 10 3.253 0 3.84-3.103 7.808-9.5 11.903-.246.157-.754.157-1 0Z' fill='%23C3C8CC'/%3e%3c/svg%3e")}.b-srch-subscribe_subscribed_true .b-srch-subscribe__bell{background-image:url("data:image/svg+xml,%3csvg width='24' height='24' fill='none' xmlns='http://www.w3.org/2000/svg'%3e%3cpath d='M11.5 20.882C5.103 16.787 2 12.819 2 8.979c0-6.686 7.85-7.756 10-3.253 2.15-4.503 10-3.433 10 3.253 0 3.84-3.103 7.808-9.5 11.903-.246.157-.754.157-1 0Z' fill='%23F55'/%3e%3c/svg%3e")}.b-srch-subscribe_subscribed_false .b-srch-subscribe__bell{background-image:url("data:image/svg+xml,%3csvg width='24' height='24' fill='none' xmlns='http://www.w3.org/2000/svg'%3e%3cpath fill-rule='evenodd' clip-rule='evenodd' d='M2 8.979c0 3.84 3.103 7.808 9.5 11.903.246.157.754.157 1 0 6.397-4.095 9.5-8.063 9.5-11.903 0-6.686-7.85-7.756-10-3.253C9.85 1.223 2 2.293 2 8.98Zm10 9.82C7 15.5 4 12.15 4 9 4 6 6 5 7.5 5c1.791 0 2.713 1.38 3.399 2.408.406.608.73 1.092 1.101 1.092.366 0 .665-.469 1.044-1.063C13.701 6.407 14.598 5 16.5 5 18 5 20 6.287 20 9c0 5-8 9.8-8 9.8Z' fill='%2309141F'/%3e%3c/svg%3e")}.b-srch-subscribe_redesign_true .b-srch-subscribe__icon{background-image:url("data:image/svg+xml,%3csvg width='24' height='24' fill='%23f00' xmlns='http://www.w3.org/2000/svg'%3e%3cpath fill-rule='evenodd' clip-rule='evenodd' d='M2 8.979c0 3.84 3.103 7.808 9.5 11.903.246.157.754.157 1 0 6.397-4.095 9.5-8.063 9.5-11.903 0-6.686-7.85-7.756-10-3.253C9.85 1.223 2 2.293 2 8.98Zm10 9.82C7 15.5 4 12.15 4 9 4 6 6 5 7.5 5c1.791 0 2.713 1.38 3.399 2.408.406.608.73 1.092 1.101 1.092.366 0 .665-.469 1.044-1.063C13.701 6.407 14.598 5 16.5 5 18 5 20 6.287 20 9c0 5-8 9.8-8 9.8Z' fill='%23f00' /%3e%3c/svg%3e")}.b-srch-subscribe_redesign_true.b-srch-subscribe_subscribed_true .b-srch-subscribe__icon{background-image:url("data:image/svg+xml,%3csvg width='24' height='24' fill='%23f00' xmlns='http://www.w3.org/2000/svg'%3e%3cpath d='M11.5 20.882C5.103 16.787 2 12.819 2 8.979c0-6.686 7.85-7.756 10-3.253 2.15-4.503 10-3.433 10 3.253 0 3.84-3.103 7.808-9.5 11.903-.246.157-.754.157-1 0Z' fill='%23f00' /%3e%3c/svg%3e")}</style><style nonce="">.b-srch-list-container{background-color:#fff;border-radius:24px;width:100%}.b-srch-list-container-is-style-loaded{color:rgba(0,250,154,0)}.b-srch-list-container__header{align-items:center;display:flex;height:32px;justify-content:space-between}.b-srch-list-container__title{color:#09141f;font-family:YS Text;font-size:20px;font-weight:700;line-height:24px}.b-srch-list-container__header-wrapper:not(:last-child),.b-srch-list-container__item:not(:last-child){border-bottom:1px solid #eef0f1}.b-srch-list-container__content{list-style-type:none;margin:0;padding:0}.b-srch-list-container__header-wrapper,.b-srch-list-container_padding_true.b-srch-list-container_header-padding_true .b-srch-list-container{padding:14px 16px 10px}.b-srch-list-container__header-wrapper__title,.b-srch-list-container_padding_true.b-srch-list-container_header-padding_true .b-srch-list-container__title{padding-left:4px}.b-srch-list-container_padding_true.b-srch-list-container_content-padding_true .b-srch-list-container__content{padding:0 16px}.b-srch-list-container_padding_true.b-srch-list-container_content-padding_true .b-srch-list-container__content:first-child{padding-top:2px}.b-srch-list-container_padding_true.b-srch-list-container_content-padding_true .b-srch-list-container__content:last-child{padding-bottom:2px}.b-srch-list-container_padding_true.b-srch-list-container_item-padding_true .b-srch-list-container__item{padding:16px 0}</style><style nonce="">.b-srch-nano-card-list-is-style-loaded{color:rgba(0,250,154,0)}.b-srch-nano-card-list__container{list-style-type:none;padding:0}.b-srch-nano-card-list__item{align-items:center;border-top:1px dashed #d8dbde;display:flex;padding:8px 0 12px}.b-srch-nano-card-list_top-border_false .b-srch-nano-card-list__item:first-child{border-top:none;padding-top:0}.b-srch-nano-card-list_bottom-border_false .b-srch-nano-card-list__item:last-child{padding-bottom:0}.b-srch-nano-card-list_bottom-border_true .b-srch-nano-card-list__item:last-child{border-bottom:1px dashed #d8dbde}.b-srch-nano-card-list__item-description{width:calc(100% - 40px)}.b-srch-nano-card-list__item-partner,.b-srch-nano-card-list__item-price-wrapper{align-items:center;display:flex}.b-srch-nano-card-list__item-partner-title{color:#6a7788;font-family:YS Text;font-size:13px;font-weight:500;line-height:16px;max-width:100%;overflow:hidden;text-overflow:ellipsis;white-space:nowrap}.b-srch-nano-card-list__item-partner-icon{display:block;height:16px;margin-left:6px;-o-object-fit:contain;object-fit:contain;width:16px}.b-srch-nano-card-list__item-labels{margin-top:4px}.b-srch-nano-card-list__item-price-wrapper{flex-wrap:wrap;margin:2px 0 0 -9px}.b-srch-nano-card-list__item-price{margin-left:9px}.b-srch-nano-card-list__item-price_discount-label{font-family:YS Text;font-size:13px;font-weight:500;line-height:16px}.b-srch-nano-card-list__item-price_discount-label,.b-srch-nano-card-list__item-price_old{padding:0}.b-srch-nano-card-list__item-control{align-items:center;display:flex;justify-content:flex-end;margin-left:8px;width:32px}.b-srch-nano-card-list__item-cart-icon{background:no-repeat 50%;background-image:url("data:image/svg+xml,%3csvg width='24' height='24' fill='none' xmlns='http://www.w3.org/2000/svg'%3e%3cpath d='M8 21.5a1 1 0 1 0 0-2 1 1 0 0 0 0 2ZM19 21.5a1 1 0 1 0 0-2 1 1 0 0 0 0 2Z' fill='%2309141F' stroke='%2309141F' stroke-width='1.5' stroke-miterlimit='10' stroke-linecap='square'/%3e%3cpath d='M5.938 5.667h-1v2h1v-2ZM2.5 1a1 1 0 0 0 0 2V1Zm4.298 13.256-.991.129.991-.129Zm-.86-6.59h13.137v-2H5.938v2Zm14.119 1.191-1.034 5.333 1.963.381 1.034-5.333-1.963-.381ZM18.04 15h-9.26v2h9.26v-2Zm-10.25-.872L6.43 3.615l-1.983.257 1.359 10.513 1.983-.257ZM3.455 1H2.5v2h.956V1Zm2.975 2.615A3 3 0 0 0 3.456 1v2a1 1 0 0 1 .992.872l1.983-.257ZM8.781 15a1 1 0 0 1-.99-.872l-1.984.257A3 3 0 0 0 8.782 17v-2Zm10.242-.81a1 1 0 0 1-.982.81v2a3 3 0 0 0 2.945-2.429l-1.963-.38Zm.052-6.523a1 1 0 0 1 .982 1.19l1.963.38a3 3 0 0 0-2.945-3.57v2Z' fill='%2309141F'/%3e%3c/svg%3e");height:24px;width:24px}</style><style nonce="">.b-shopping-list-badge{align-items:center;box-sizing:border-box;color:#fff;display:inline-flex;justify-content:center;min-width:24px;padding:4px}.b-shopping-list-badge-is-style-loaded{color:rgba(0,250,154,0)}.b-shopping-list-badge__count{background-color:#4d4d4d;border-radius:4px;display:none;font-family:YS Text;font-size:14px;font-weight:500;line-height:18px;padding:2px 8px;text-align:center}.b-shopping-list-badge__count:empty:after{color:#4d4d4d;content:"1"}.b-shopping-list-badge__check{display:none}.b-shopping-list-badge__add-to-list,.b-shopping-list-badge__check{background:no-repeat 50%;height:24px;width:24px}.b-shopping-list-badge_mode_extended .b-shopping-list-badge__toggle-element_checked_true{display:none}.b-shopping-list-badge_mode_simple .b-shopping-list-badge__toggle-element_checked_true .b-shopping-list-badge__check{display:block}.b-shopping-list-badge_mode_simple .b-shopping-list-badge__toggle-element_checked_true .b-shopping-list-badge__add-to-list{display:none}.b-shopping-list-badge_mode_extended .b-shopping-list-badge__toggle-element_checked_true~.b-shopping-list-badge__count{display:block}.b-shopping-list-badge_exterior_plus-round .b-shopping-list-badge__count{border-radius:12px;font-family:YS Text;font-size:13px;font-weight:700;height:32px;line-height:16px;min-width:32px;padding-top:8px}.b-shopping-list-badge__check{background-image:url("data:image/svg+xml,%3csvg width='24' height='24' fill='none' xmlns='http://www.w3.org/2000/svg'%3e%3cpath fill-rule='evenodd' clip-rule='evenodd' d='M11.005 17.017s.167-.198.495-.517c.328-.319 8.147-7.748 8.392-8.018.245-.269.11-.961-.214-1.23-.324-.267-.816-.399-1.265 0-.448.4-7.408 7.343-7.408 7.343s-3.042-3.06-3.417-3.391c-.374-.331-.954-.23-1.335.106s-.265 1.061-.082 1.255c.184.195 4.834 4.452 4.834 4.452Z' fill='%2309141F'/%3e%3c/svg%3e")}.b-shopping-list-badge__add-to-list{background-image:url("data:image/svg+xml,%3csvg width='24' height='24' fill='none' xmlns='http://www.w3.org/2000/svg'%3e%3cpath d='M20 13a1 1 0 1 0 0-2h-7V4a1 1 0 1 0-2 0v7H4a1 1 0 1 0 0 2h7v7a1 1 0 1 0 2 0v-7h7Z' fill='%2309141F'/%3e%3c/svg%3e")}</style><style nonce="">.b-srch-card{display:flex;flex-direction:column;position:relative}.b-srch-card__like-badge{height:24px;margin-right:16px;position:relative;width:24px}.b-srch-card__like-filled-icon,.b-srch-card__like-icon{background:no-repeat 50%;height:24px;width:24px}.b-srch-card__like-filled-icon{left:0;position:absolute;top:0}.b-srch-card_with-like_true.b-srch-card_view_default .b-srch-card__badge{padding:4px 0}.b-srch-card_with-like_true.b-srch-card_view_default .b-srch-card__body>:last-child{margin-right:64px}.b-srch-card_liked_false .b-srch-card__like-filled-icon,.b-srch-card_liked_true .b-srch-card__like-icon{display:none}.b-srch-card-is-style-loaded{color:rgba(0,250,154,0)}.b-srch-card:empty{display:none}.b-srch-card__title{-webkit-box-orient:vertical;-webkit-line-clamp:2;display:-webkit-box;font-family:YS Text;font-size:16px;font-weight:400;line-height:20px;max-width:100%;overflow:hidden}.b-srch-card__info,.b-srch-card__title{text-align:left}.b-srch-card__date,.b-srch-card__info{font-family:YS Text;font-size:13px;font-weight:400;line-height:16px}.b-srch-card__info{color:#9ca3ab}.b-srch-card__item:not(:last-child){margin-bottom:4px}.b-srch-card__price{display:flex;flex-wrap:wrap;max-width:100%}.b-srch-card__price-old{color:#9ca3ab;padding-top:0}.b-srch-card__toggle-elements{align-items:center;display:flex;height:48px;justify-content:center;margin:-16px -16px 0;width:48px}.b-srch-card__to-cash{color:#9ca3ab;font-family:YS Text;font-size:14px;font-weight:400;line-height:20px;margin-left:8px;margin-right:4px}.b-srch-card__shopping-list-control{order:2}.b-srch-card__from-cash{font-family:YS Text;font-size:18px;font-weight:700;line-height:24px;margin-right:4px}.b-srch-card__survey-segment{align-items:center;background-color:#fff;display:flex;justify-content:space-between;padding:0 16px 12px}.b-srch-card__survey-quality{background-color:#fff;margin-top:2px;padding:16px 24px;position:relative}.b-srch-card__survey-quality-actions{display:flex;justify-content:space-between}@media screen and (max-width:360px){.b-srch-card__survey-quality-button{height:50px;width:50px}}.b-srch-card__survey-quality-title{font-family:YS Text;font-size:22px;font-weight:700;line-height:26px;margin-bottom:16px;text-align:center}.b-srch-card__survey-quality-feedback{display:none;left:0;padding:0 16px;position:absolute;top:50%;transform:translateY(-50%);width:100%}.b-srch-card__survey-quality-feedback .b-srch-card__survey-quality-title{margin-bottom:0}.b-srch-card_hide-survey_true .b-srch-card__survey-segment{display:none}.b-srch-card_hide-survey_true .b-srch-card__survey-quality-content{visibility:hidden}.b-srch-card_hide-survey_true .b-srch-card__survey-quality-feedback{display:block}.b-srch-card__question{font-family:YS Text;font-size:14px;font-weight:400;line-height:18px;margin:0 12px;text-align:center}.b-srch-card__main-img{background-blend-mode:darken;background-position:50%;border-radius:8px;overflow:hidden}.b-srch-card__main-img,.b-srch-card__partner-img{background-repeat:no-repeat;background-size:contain}.b-srch-card__partner-img{border-radius:50%}.b-srch-card__discount-label{display:inline-block}.b-srch-card_view_default .b-srch-card{display:flex;flex-direction:column}.b-srch-card_view_default .b-srch-card:empty{display:none}.b-srch-card_view_default .b-srch-card__title{-webkit-box-orient:vertical;-webkit-line-clamp:2;display:-webkit-box;margin-bottom:8px;margin-right:24px;overflow:hidden}.b-srch-card_view_default .b-srch-card__price-new{font-family:YS Text;font-size:18px;font-weight:700;line-height:24px;margin-right:2px}.b-srch-card_view_default .b-srch-card__price-old{font-family:YS Text;font-size:14px;font-weight:400;line-height:18px;padding:0;transform:translateY(-2px)}.b-srch-card_view_default .b-srch-card__to-cash{color:#9ca3ab;font-family:YS Text;font-size:14px;font-weight:400;line-height:18px;margin-left:4px;margin-right:0}.b-srch-card_view_default .b-srch-card__to-cash:first-child{margin-left:0}.b-srch-card_view_default .b-srch-card__to-cash-wrapper{display:inline-block;transform:translateY(-2px)}.b-srch-card_view_default .b-srch-card__from-cash-wrapper{margin-bottom:4px}.b-srch-card_view_default .b-srch-card__created{background-color:#fff;display:block;font-family:YS Text;font-size:16px;font-weight:500;line-height:20px;margin:12px 0 2px;padding:16px;width:100%}.b-srch-card_view_default .b-srch-card__content{background-color:#fff;border-radius:0;display:flex;overflow:unset;padding:12px 16px;position:relative}.b-srch-card_view_default .b-srch-card__card{display:flex;flex-direction:column;justify-content:space-between;width:calc(100% - 132px)}.b-srch-card_view_default .b-srch-card__body{position:relative;width:100%}.b-srch-card_view_default .b-srch-card__body>:last-child{margin-right:24px}.b-srch-card_view_default .b-srch-card__img{height:120px;margin-right:12px;width:120px}.b-srch-card_view_default .b-srch-card__main-img{background-color:rgba(43,159,255,.04);height:120px;width:120px}.b-srch-card_view_default .b-srch-card__partner-img{background-repeat:no-repeat;background-size:contain;border-radius:50%;height:24px;position:absolute;right:16px;top:12px;width:24px}.b-srch-card_view_default .b-srch-card__retailer-name{font-family:YS Text;font-size:13px;font-weight:500;line-height:16px;margin-right:6px;max-width:calc(100vw - 268px);overflow:hidden;text-overflow:ellipsis;white-space:nowrap}.b-srch-card_view_default .b-srch-card__ecom-button .b-tpl-button{margin-right:10px;max-width:-webkit-max-content;max-width:-moz-max-content;max-width:max-content}.b-srch-card_view_default .b-srch-card__ecom-button .b-tpl-button__button{font-family:YS Text;font-size:14px;font-weight:500;line-height:20px}.b-srch-card_view_default .b-srch-card__ecom-button .b-button__value{display:block;overflow:hidden;text-overflow:ellipsis;white-space:nowrap}.b-srch-card_view_default .b-srch-card__date{color:#9ca3ab}.b-srch-card_view_default .b-srch-card__date_feature_true{background-color:#fff8f8;border-radius:8px;color:#f55;padding:4px 8px}.b-srch-card_view_default .b-srch-card__head{align-items:center;display:flex;height:24px;justify-content:space-between;margin-bottom:4px;margin-right:24px}.b-srch-card_view_default .b-srch-card__price{margin-bottom:4px}.b-srch-card_view_default .b-srch-card__info:last-child{line-height:18px;margin-top:4px}.b-srch-card_view_default .b-srch-card__meta-info{display:flex}.b-srch-card_view_default .b-srch-card__meta-info-stores-limited{color:#9ca3ab}.b-srch-card_view_default .b-srch-card__discount-label{display:inline-block;margin-left:4px;margin-right:8px;transform:translateY(-2px)}.b-srch-card_view_default .b-srch-card__toggle-elements{bottom:-6px;height:auto;margin:0;position:absolute;right:-4px;width:auto}.b-srch-card_view_default .b-srch-card__toggle-elements_pos-type_price{bottom:-4px}.b-srch-card_view_default .b-srch-card__toggle-elements_pos-type_ecom{bottom:0}.b-srch-card_view_partner .b-srch-card{width:100%}.b-srch-card_view_partner .b-srch-card__content{display:flex;padding:16px 0}.b-srch-card_view_partner .b-srch-card__img{height:36px;margin-right:12px;width:36px}.b-srch-card_view_partner .b-srch-card__main-img{border-radius:50%;height:36px;width:36px}.b-srch-card_view_partner .b-srch-card__toggle-elements{position:absolute;right:0;top:27px}.b-srch-card_view_partner .b-srch-card__partner-title{font-family:YS Text;font-size:13px;font-weight:400;line-height:16px}.b-srch-card_view_partner .b-srch-card__body-header{display:flex}.b-srch-card_view_partner .b-srch-card__price-new{margin-right:8px}.b-srch-card_view_partner .b-srch-card__price-old{margin-right:8px;padding-left:0;padding-right:0}.b-srch-card_view_partner .b-srch-card__to-cash{margin-left:0}.b-srch-card_view_partner .b-srch-card__price-wrapper{display:flex}.b-srch-card_view_preview{display:block;width:132px}.b-srch-card_size_s.b-srch-card_view_preview{width:112px}.b-srch-card_size_l.b-srch-card_view_preview{width:156px}.b-srch-card_view_preview.b-srch-card_size_m .b-srch-card__image-container{height:132px;width:132px}.b-srch-card_view_preview.b-srch-card_size_m .b-srch-card__main-img{height:116px;width:116px}.b-srch-card_view_preview.b-srch-card_size_s .b-srch-card__image-container{height:112px;width:112px}.b-srch-card_view_preview.b-srch-card_size_s .b-srch-card__main-img{height:96px;width:96px}.b-srch-card_view_preview.b-srch-card_size_l .b-srch-card__image-container{height:156px;width:156px}.b-srch-card_view_preview.b-srch-card_size_l .b-srch-card__main-img{height:140px;width:140px}.b-srch-card_view_preview.b-srch-card:nth-child(n){margin-bottom:16px}.b-srch-card_view_preview .b-srch-card__title{-webkit-box-orient:vertical;-webkit-line-clamp:3;display:-webkit-box;font-family:YS Text;font-size:13px;font-weight:400;line-height:16px;margin-bottom:5px;overflow:hidden}.b-srch-card_view_preview .b-srch-card__title_cutted_true{-webkit-box-orient:vertical;-webkit-line-clamp:2;display:-webkit-box;overflow:hidden}.b-srch-card_view_preview .b-srch-card__image-container{background-color:#f3f4f4;border-radius:18px;height:132px;padding:8px;position:relative;width:132px}.b-srch-card_view_preview .b-srch-card__main-img{border-radius:12px;height:116px;width:116px}.b-srch-card_view_preview .b-srch-card__discount-label{bottom:0;left:0;position:absolute}.b-srch-card_view_preview .b-srch-card__content-container{margin:8px 6px 0}.b-srch-card_view_preview .b-srch-card__info{font-family:YS Text;font-size:11px;font-weight:400;line-height:14px;margin-bottom:5px}.b-srch-card_view_preview .b-srch-card__price-new{margin-right:4px}.b-srch-card_view_preview .b-srch-card__price-old{padding:0}.b-srch-card_view_preview .b-srch-card__ecom-button{margin-top:10px}.b-srch-card_view_preview .b-srch-card__ecom-button .b-tpl-button{align-items:center;display:flex;justify-content:center}.b-srch-card_view_preview .b-srch-card__toggle-elements{background-color:hsla(0,0%,100%,.88);border-radius:12px;height:32px;margin:0;position:absolute;right:8px;top:8px;width:32px}.b-srch-card_view_preview .b-srch-card__card-label{margin-top:5px}.b-srch-card__show-date-false .b-srch-card__head{height:0;margin-bottom:0}.b-srch-card__show-date-false .b-srch-card__title{-webkit-box-orient:vertical;-webkit-line-clamp:3;display:-webkit-box;overflow:hidden}.b-srch-card__ctlg-sub{background-color:#fff;margin-bottom:16px;margin-top:16px}.b-srch-card__ctlg-sub-img-wrapper{align-items:center;background-color:#f3f4f4;display:flex;justify-content:center}.b-srch-card__ctlg-sub-control{pointer-events:none}.b-srch-card__notification-icon{background:no-repeat 50%;height:24px;width:24px}.b-srch-card__helpers{display:none}.b-srch-card__show_date_false:not(.b-srch-card__retailer_name_true) .b-srch-card__head{height:0;margin-bottom:0}.b-srch-card__show_date_false:not(.b-srch-card__retailer_name_true) .b-srch-card__title{-webkit-box-orient:vertical;-webkit-line-clamp:3;display:-webkit-box;overflow:hidden}.b-srch-card__show_date_false .b-srch-card__retailer-name{max-width:none}.b-srch-card__retailer_hide_true .b-srch-card__head,.b-srch-card__retailer_hide_true .b-srch-card__title{margin-right:0}.b-srch-card__nano-cards{margin-top:12px}.b-srch-card__like-icon{background-image:url("data:image/svg+xml,%3csvg width='24' height='24' fill='none' xmlns='http://www.w3.org/2000/svg'%3e%3cpath fill-rule='evenodd' clip-rule='evenodd' d='M21 12c0-1.987-1.163-3.314-3.14-3.314h-2.765c.084-.87.126-1.66.126-2.37 0-1.86-1.715-3.316-3.449-3.316-1.338 0-1.713.767-1.94 2.542-.004.03-.09.722-.119.942a19 19 0 0 1-.173 1.074c-.258 1.34-.936 2.79-1.635 3.639a2.193 2.193 0 0 0-.432-.302c-.386-.206-.837-.316-1.486-.316h-.29c-.649 0-1.1.11-1.485.316-.386.207-.69.51-.896.896-.206.386-.316.836-.316 1.485v5.027c0 .649.11 1.1.316 1.485.207.386.51.69.896.896.386.206.836.316 1.485.316h.29c.649 0 1.1-.11 1.486-.316.222-.12.418-.27.583-.452.66.497 1.591.768 2.827.768H15.1c1.408 0 2.431-.524 3.083-1.409.268-.364.385-.617.565-1.104a.766.766 0 0 1 .153-.203l.197-.199h.001c.128-.128.28-.28.349-.353.306-.328.546-.654.741-1.045.338-.675.384-1.192.32-2.059-.025-.332-.026-.44-.008-.514.032-.137.07-.25.139-.424l.063-.156c.207-.523.297-.92.297-1.534Zm-9.41-5.263c.033-.238.123-.964.121-.955.059-.458.108-.728.16-.883.72.055 1.455.71 1.455 1.417 0 .905-.076 1.972-.23 3.2a.947.947 0 0 0 .94 1.065h3.824c.87 0 1.245.427 1.245 1.419 0 .35-.038.518-.163.835l-.064.158c-.099.25-.164.443-.22.682-.08.337-.08.555-.039 1.095.041.552.021.779-.124 1.07-.106.21-.24.393-.43.597l-.25.251c-.121.122-.25.25-.301.306-.252.27-.428.524-.543.835-.12.327-.182.46-.313.639-.297.403-.755.637-1.558.637h-4.217c-1.737 0-2.195-.538-2.195-1.895v-4.12c1.242-1.046 2.329-3.18 2.713-5.174.074-.383.133-.76.19-1.179Zm-6.485 5.83c.11-.06.263-.093.592-.093h.29c.33 0 .482.033.592.092a.26.26 0 0 1 .118.118c.059.11.092.263.092.592v5.027c0 .329-.033.482-.092.592a.26.26 0 0 1-.118.118c-.11.059-.263.092-.592.092h-.29c-.329 0-.482-.033-.592-.092a.26.26 0 0 1-.118-.118c-.059-.11-.092-.263-.092-.592v-5.027c0-.33.033-.482.092-.592a.26.26 0 0 1 .118-.118Z' fill='%2309141F'/%3e%3c/svg%3e")}.b-srch-card__like-filled-icon{background-image:url("data:image/svg+xml,%3csvg width='24' height='24' fill='none' xmlns='http://www.w3.org/2000/svg'%3e%3cpath fill-rule='evenodd' clip-rule='evenodd' d='M14.9 5.5C14.9 4 13.418 3 12.26 3c-.806 0-.869.612-.993 1.82-.055.53-.121 1.174-.267 1.93-.386 2.002-1.72 4.56-2.996 5.325V18C8 20.25 8.75 21 12 21h3.773c2.176 0 2.703-1.433 2.899-1.964l.013-.036c.114-.306.358-.547.638-.82.31-.306.664-.653.927-1.18.311-.623.27-1.177.233-1.67-.023-.299-.044-.575.017-.83.064-.27.146-.475.225-.671.143-.356.275-.686.275-1.329 0-1.5-.748-2.498-2.315-2.498H14.5S14.9 7 14.9 5.5ZM4.5 11A1.5 1.5 0 0 0 3 12.5v7a1.5 1.5 0 0 0 3 0v-7A1.5 1.5 0 0 0 4.5 11Z' fill='%23000'/%3e%3c/svg%3e")}.b-srch-card__notification-icon{background-image:url("data:image/svg+xml,%3csvg width='24' height='24' fill='none' xmlns='http://www.w3.org/2000/svg'%3e%3cpath d='M11.5 20.882C5.103 16.787 2 12.819 2 8.979c0-6.686 7.85-7.756 10-3.253 2.15-4.503 10-3.433 10 3.253 0 3.84-3.103 7.808-9.5 11.903-.246.157-.754.157-1 0Z' fill='%23F55'/%3e%3c/svg%3e")}</style><style nonce="">.b-drugs-disclaimer-is-style-loaded{color:rgba(0,250,154,0)}.b-drugs-disclaimer_padding_true{padding:16px}.b-drugs-disclaimer__info{color:#9ca3ab;font-family:YS Text;font-size:11px;font-weight:400;line-height:14px;margin-top:8px}.b-drugs-disclaimer_font-size_l .b-drugs-disclaimer__info{font-family:YS Text;font-size:13px;font-weight:400;line-height:16px}</style><style nonce="">.b-bottom-sticky-is-style-loaded{color:rgba(0,250,154,0)}.b-bottom-sticky__float{bottom:0;left:50%;position:fixed}.b-bottom-sticky_width_full .b-bottom-sticky__float{width:100%}</style><style nonce="">.b-adult-disclaimer-is-style-loaded{color:rgba(0,250,154,0)}.b-adult-disclaimer__unconfirmed{align-items:center;display:flex}.b-adult-disclaimer_padding_true{padding:16px}.b-adult-disclaimer__img{background-position:50% 50%;background-repeat:no-repeat;background-size:contain;height:120px;margin-right:16px;width:120px}.b-adult-disclaimer__content{flex-grow:1}.b-adult-disclaimer__title-confirmed{font-family:YS Text;font-size:16px;font-weight:500;line-height:20px}.b-adult-disclaimer__info{color:#9ca3ab;font-family:YS Text;font-size:11px;font-weight:400;line-height:14px;margin-top:8px}.b-adult-disclaimer__description{font-family:YS Text;font-size:16px;font-weight:500;line-height:20px;max-width:200px}.b-adult-disclaimer__confirm{margin-top:12px;max-width:150px}.b-adult-disclaimer_font-size_l .b-adult-disclaimer__title-confirmed{font-family:YS Text;font-size:18px;font-weight:500;line-height:24px}.b-adult-disclaimer_font-size_l .b-adult-disclaimer__info{font-family:YS Text;font-size:13px;font-weight:400;line-height:16px}.b-disclaimer_confirmed_true .b-adult-disclaimer__confirmed{display:block}.b-disclaimer_confirmed_false .b-adult-disclaimer__unconfirmed{display:flex}.b-disclaimer_confirmed_false .b-adult-disclaimer__confirmed,.b-disclaimer_confirmed_true .b-adult-disclaimer__unconfirmed{display:none}</style><style nonce="">.b-file-modal-input-is-style-loaded{color:rgba(0,250,154,0)}.b-file-modal-input__file-input{display:none}.b-file-barcode-parser-is-style-loaded{color:rgba(0,250,154,0)}.b-file-barcode-parser__file-input{display:none}.b-file-barcode-parser__photo-upload-progress{font-family:YS Text;font-size:20px;font-weight:700;line-height:24px;padding:8px 32px 32px;text-align:center}.b-file-barcode-parser__photo-upload-progress-bar{background-color:#eef0f1;border-radius:16px;height:8px;margin-top:16px;overflow:hidden}.b-file-barcode-parser__photo-upload-progress-line{background-color:#27ae61;border-radius:16px;height:100%;transition-property:width;transition-timing-function:linear;width:0}</style><style nonce="">.b-fab{-webkit-user-select:none;-moz-user-select:none;-ms-user-select:none;user-select:none}.b-fab-is-style-loaded{color:rgba(0,250,154,0)}.b-fab__wrapper{display:flex;justify-content:center;padding:16px 0}.b-fab__fab{box-shadow:0 0 8px rgba(0,0,0,.12),0 6px 8px rgba(76,88,103,.12);transform:translateY(calc(100% - 16px)) scale(0);transition:transform .2s ease-in-out}.b-fab_hidden_false .b-fab__fab{transform:translateY(0) scale(1)}</style><style nonce="">.b-popover{background-color:#267af2;border-radius:16px;box-shadow:0 20px 40px rgba(9,20,31,.15);color:#fff;font-family:YS Text;font-size:14px;font-weight:500;line-height:20px;z-index:10}.b-popover-is-style-loaded{color:rgba(0,250,154,0)}.b-popover__root-wrapper{border-radius:inherit;overflow:hidden}.b-popover_opened_false{display:none}.b-popover__before-text:empty{padding-bottom:8px}.b-popover__text{padding:8px 16px}.b-popover__after-text:empty{padding-top:8px}.b-popover__arrow{-webkit-background-clip:text;background-clip:text}.b-popover__arrow,.b-popover__arrow:before{background-color:inherit;height:9px;position:absolute;width:24px}.b-popover__arrow:before{content:"";-webkit-mask:url("data:image/svg+xml,%3csvg xmlns='http://www.w3.org/2000/svg' viewBox='0 0 24 9'%3e%3cpath d='M24 8v1H0V8c6 0 10-3 12-8 2 5 6 8 12 8z'/%3e%3c/svg%3e");mask:url("data:image/svg+xml,%3csvg xmlns='http://www.w3.org/2000/svg' viewBox='0 0 24 9'%3e%3cpath d='M24 8v1H0V8c6 0 10-3 12-8 2 5 6 8 12 8z'/%3e%3c/svg%3e");-webkit-mask-size:cover;mask-size:cover}.b-popover[data-popper-placement^=top]>.b-popover__arrow{bottom:-8px}.b-popover[data-popper-placement^=top]>.b-popover__arrow:before{transform:rotate(180deg)}.b-popover[data-popper-placement^=bottom]>.b-popover__arrow{top:-8px}.b-popover[data-popper-placement^=left]>.b-popover__arrow{height:24px;right:-8px;width:9px}.b-popover[data-popper-placement^=left]>.b-popover__arrow:before{transform:rotate(90deg) translateY(-100%);transform-origin:top left}.b-popover[data-popper-placement^=right]>.b-popover__arrow{height:24px;left:-8px;width:9px}.b-popover[data-popper-placement^=right]>.b-popover__arrow:before{transform:rotate(-90deg) translateX(-100%);transform-origin:top left}</style><style nonce="">.b-list-is-style-loaded{color:rgba(0,250,154,0)}.b-list_hidden_true{display:none}.b-list_width_full{width:100%}.b-list_width_auto{width:auto}.b-list_width_inherit{width:inherit}.b-list__cell,.b-list__link,.b-list__wrapper{display:flex}.b-list__item,.b-list__link{position:relative}.b-list__item,.b-list__link_progress_true .b-list__link-progress{display:block}.b-list__link-progress,.b-list_hide-labels .b-list__link-value{display:none}.b-nav-panel{background-color:#fff;box-shadow:0 -1px 2px rgba(9,20,31,.06);height:56px;width:100%;z-index:1000}.b-nav-panel-is-style-loaded{color:rgba(0,250,154,0)}.b-nav-panel_hidden_true{display:none}.b-nav-panel_width_full{width:100%}.b-nav-panel_width_auto{width:auto}.b-nav-panel_width_inherit{width:inherit}.b-nav-panel__cell,.b-nav-panel__link,.b-nav-panel__wrapper{display:flex}.b-nav-panel__item,.b-nav-panel__link{position:relative}.b-nav-panel__item,.b-nav-panel__link_progress_true .b-nav-panel__link-progress{display:block}.b-nav-panel__link-progress,.b-nav-panel_hide-labels .b-nav-panel__link-value{display:none}.b-nav-panel_position_bottom,.b-nav-panel_position_top{position:fixed}.b-nav-panel_position_top{top:0}.b-nav-panel_position_bottom{bottom:0}.b-nav-panel__wrapper{height:100%;padding:8px 0}.b-nav-panel__item{flex:1 0 0}.b-nav-panel__link{align-items:center;border:0;display:flex;flex-direction:column;height:100%;justify-content:space-between;width:100%}.b-nav-panel__link_active_true .b-nav-panel__link-value{color:#09141f}.b-nav-panel__link_active_true .b-nav-panel__link-icon_exterior_normal{display:none}.b-nav-panel__link_active_false .b-nav-panel__link-value{color:#9ca3ab}.b-nav-panel__link_active_false .b-nav-panel__link-icon_exterior_selected{display:none}.b-nav-panel__link-icon{order:1}.b-nav-panel__link-value{font-family:YS Text;font-size:11px;font-weight:400;line-height:14px;order:2}</style><script async="" src="https://an.yandex.ru/system/context.js" nonce=""></script><link rel="preconnect" href="https://yastatic.net/"><link rel="preconnect" href="https://avatars.mds.yandex.net/"><link rel="preconnect" href="https://mc.yandex.ru/"><link rel="preconnect" href="https://ads.adfox.ru"><script charset="utf-8" src="https://yastatic.net/partner-code-bundles/625533/b7414de3fe8d89054eed.js" crossorigin="anonymous" importance="high"></script><script charset="utf-8" src="https://yastatic.net/partner-code-bundles/625533/c62b59551ab7eb70d3b2.js" crossorigin="anonymous" importance="high"></script><script async="" crossorigin="anonymous" src="https://yastatic.net/safeframe-bundles/0.83/host.js"></script><script charset="utf-8" src="https://yastatic.net/partner-code-bundles/625533/6d399edff6d2a4ccf715.js" crossorigin="anonymous" importance="high"></script><style id="ysTextCssRule">@font-face {
        font-family: "YS Text Variable";
        src: url("https://yastatic.net/s3/home/fonts/ys/3/text-variable-full.woff2") format("woff2");
        font-weight: 400 700;
        font-display: optional;
    }</style><script charset="utf-8" src="https://yastatic.net/partner-code-bundles/625533/46c824b03f9bca352981.js" crossorigin="anonymous" importance="high"></script><script type="text/javascript" async="" src="https://yastatic.net/awaps-ad-sdk-js-bundles/1.0-624547/bundles-es2017/loader.bundle.js" charset="utf-8" crossorigin="anonymous"></script><style type="text/css">
                        #::-webkit-media-controls{
                            display: none !important;
                        }
                    </style></head><body><svg xmlns="http://www.w3.org/2000/svg" xmlns:xlink="http://www.w3.org/1999/xlink" style="position: absolute; width: 0; height: 0" aria-hidden="true" id="__SVG_SPRITE_NODE__"><symbol xmlns="http://www.w3.org/2000/svg" fill="none" viewBox="0 0 16 16" id="sort"><path fill-rule="evenodd" clip-rule="evenodd" d="M5.468 7.064c-.996 0-1.558-1.142-.951-1.932l2.532-3.291a1.2 1.2 0 0 1 1.902 0l2.532 3.291c.607.79.044 1.932-.951 1.932H5.468Zm4.86 2c1.08 0 1.689 1.238 1.031 2.093L9.03 14.184a1.3 1.3 0 0 1-2.06 0l-2.33-3.027c-.657-.855-.048-2.093 1.03-2.093h4.659Z" fill="#09141F"></path></symbol><symbol xmlns="http://www.w3.org/2000/svg" fill="none" viewBox="0 0 24 24" id="back"><path fill-rule="evenodd" clip-rule="evenodd" d="M5.072 13c.635.41 1.081.743 1.338 1l3.297 3.293a1 1 0 0 1-1.414 1.414l-6-6a1 1 0 0 1 0-1.414l6-6a1 1 0 0 1 1.414 1.414L6.41 10c-.257.257-.703.59-1.338 1H21a1 1 0 1 1 0 2H5.072Z" fill="currentcolor"></path></symbol></svg><div data-render-counter="1" class="b-bottom-slide b-bottom-slide_opened_false b-bottom-slide_stick_true b-bottom-slide_events_false b-bottom-slide_height-mode_content b-bottom-slide_content-offset_false b-bottom-slide_top-border-radius_s b-bottom-slide_dynamic-toggler_false b-bottom-slide_visible_false i-block-helper uid-6718340547450288"><div class="b-bottom-slide__overlay uid-6718340547450288"></div> <!----></div><div data-render-counter="1" class="b-bottom-slide b-bottom-slide_stick_true b-bottom-slide_events_false b-bottom-slide_height-mode_full b-bottom-slide_content-offset_false b-bottom-slide_top-border-radius_s b-bottom-slide_dynamic-toggler_false b-bottom-slide_visible_false i-block-helper uid-16439197400326133 b-bottom-slide_opened_true"><div class="b-bottom-slide__overlay uid-16439197400326133" style="opacity: 0.8;"></div> <div class="b-bottom-slide__window uid-16439197400326133" style="transform: translate3d(0px, -540px, 0px); max-height: 540px;"><header class="b-bottom-slide__header uid-16439197400326133"><div class="b-bottom-slide__toggler uid-16439197400326133"></div> <div class="b-bottom-slide__toggler-stripe uid-16439197400326133"></div></header> <div class="b-bottom-slide__view uid-16439197400326133"><div class="b-bottom-slide__content uid-16439197400326133"><div class="b-bottom-slide__history uid-16439197400326133 b-bottom-slide__page" data-page="index" style="max-height: 540px;"><div data-history-trigger="true" style="height: 1px; width: 100%; position: absolute; top: 0px; z-index: -1;"></div><div class="p-root__install-banner-content uid-692337115554549"><p class="p-root__install-banner-heading uid-692337115554549">Скидки&nbsp;— под рукой. <br>Установите приложение Едадил  </p><div class="p-root__install-banner-phone p-root__install-banner-phone_type_android-catalogue uid-692337115554549"></div> <span data-skeleton-marker="true" data-render-counter="1" class="p-root__install-banner-link b-button b-button_rounding_small b-button_size_xl b-button_exterior_primary b-button_opened_false i-block-helper uid-3966652277619003 uid-692337115554549" data-analytics-id="2" data-analytics-path="button"><span class="b-button__root-wrapper uid-3966652277619003"><a data-hint="" href="https://redirect.appmetrica.yandex.com/serve/674194987897876820?creative=5" class="b-button__button g-hint g-hint_pos_bottom uid-3966652277619003" aria-expanded="false"><span class="b-button__wrapper uid-3966652277619003"><!----><span class="b-button__cell b-button__value uid-3966652277619003">Установить</span><!----> <!----><!----></span></a><!----> <!----></span></span> <div class="p-root__install-banner-close uid-692337115554549" data-analytics-id="3" data-analytics-path="button">Перейти в мобильную версию</div></div></div></div></div></div></div>  <script type="text/javascript" nonce="">"function"==typeof $__RENDER_ROOT?$__RENDER_ROOT():document.write('<div id="root"></div>'); </script><div id="root-component" data-render-counter="2" class="p-root i-block-helper uid-692337115554549"><!----> <div class="p-root__root-wrapper page-wrapper uid-692337115554549"><div class="p-root__view uid-692337115554549"><div class="p-root__header uid-692337115554549"></div> <div data-render-counter="1" class="b-dynamic-page i-block-helper uid-4012929959568574 b-dynamic-page_hidden_false"><!----> <!----><main data-render-counter="2" class="b-dynamic-page__component p-srch-retailer p-srch-retailer_progress_false p-srch-retailer_main-feed-empty_false i-block-helper uid-15862845999470965 uid-4012929959568574" data-analytics-id="4" style="min-height: 544px;"><div data-render-counter="2" class="b-ads-builder b-ads-builder_progress_false i-block-helper uid-5412767612330827"></div> <div data-render-counter="1" class="b-sticky i-block-helper uid-7321140826489148 b-sticky_state_settle" undefined="" style="min-height: 56px;"><div class="b-sticky__float uid-7321140826489148"><div data-render-counter="2" class="b-back-header b-back-header_edge_false b-back-header_bg_true b-back-header_animated_true b-back-header_padding_true b-back-header_height_standard b-back-header_center-slot_true b-back-header_title-size_l i-block-helper uid-9807383161794203"><div class="b-back-header__container uid-9807383161794203"><div class="b-back-header__left uid-9807383161794203"><span data-skeleton-marker="true" data-render-counter="0" data-test-ref="back-button" class=" b-back-header__icon b-button b-button_rounding_small b-button_size_m b-button_color_current b-button_exterior_link b-button_opened_false i-block-helper uid-953398977052234 uid-9807383161794203"><span class="b-button__root-wrapper uid-953398977052234"><button data-hint="" type="button" class="b-button__button g-hint g-hint_pos_bottom uid-953398977052234" aria-expanded="false"><span class="b-button__wrapper uid-953398977052234"><!----><span class="b-button__cell b-button__value uid-953398977052234"></span><!----> <span class="b-button__cell b-button__icon b-button__post-icon uid-953398977052234"><svg data-render-counter="0" class="b-icon b-icon_size_auto b-icon_exterior_link i-block-helper uid-8320727606720548"><use data-update-on-id="48197247205661164"></use><use xlink:href="#back" data-tmp=""></use></svg></span><!----></span></button><!----> <!----></span></span></div> <div class="b-back-header__center uid-9807383161794203"><div class="b-back-header__center uid-9807383161794203"><div data-test-ref="title" class="b-back-header__title uid-9807383161794203">Пятёрочка</div></div></div><div class="b-back-header__right uid-9807383161794203"><div class="b-back-header__right-container uid-9807383161794203"><div class="p-srch-retailer__header-side-controls uid-15862845999470965"><!----> <span data-skeleton-marker="true" data-render-counter="0" class=" p-srch-retailer__header-control b-button b-button_rounding_small b-button_size_m b-button_exterior_link b-button_opened_false i-block-helper uid-7751465921235019 uid-15862845999470965"><span class="b-button__root-wrapper uid-7751465921235019"><button data-hint="" type="button" class="b-button__button g-hint g-hint_pos_bottom uid-7751465921235019" aria-expanded="false"><span class="b-button__wrapper uid-7751465921235019"><!----><span class="b-button__cell b-button__value uid-7751465921235019"></span><!----> <span class="b-button__cell b-button__icon b-button__post-icon uid-7751465921235019"><div class="p-srch-retailer__header-control-icon p-srch-retailer__header-control-icon_type_search uid-15862845999470965"></div></span><!----></span></button><!----> <!----></span></span><span data-skeleton-marker="true" data-render-counter="0" class=" p-srch-retailer__header-control b-button b-button_rounding_small b-button_size_m b-button_exterior_link b-button_opened_false i-block-helper uid-7229601938185757 uid-15862845999470965"><span class="b-button__root-wrapper uid-7229601938185757"><button data-hint="" type="button" class="b-button__button g-hint g-hint_pos_bottom uid-7229601938185757" aria-expanded="false"><span class="b-button__wrapper uid-7229601938185757"><!----><span class="b-button__cell b-button__value uid-7229601938185757"></span><!----> <span class="b-button__cell b-button__icon b-button__post-icon uid-7229601938185757"><div class="p-srch-retailer__header-control-icon p-srch-retailer__header-control-icon_type_scan uid-15862845999470965"></div></span><!----></span></button><!----> <!----></span></span></div></div></div></div></div></div></div> <div class="p-srch-retailer__shop-info-outer-wrapper uid-15862845999470965"></div> <div data-render-counter="1" class="p-srch-retailer__segment-switch-sticky b-sticky i-block-helper uid-9338244672813194 b-sticky_state_settle" undefined="" style="min-height: 0px;"><div class="b-sticky__float uid-9338244672813194 p-srch-retailer__float"><div class="p-srch-retailer__menu p-srch-retailer__menu_show_false"><span data-skeleton-marker="true" data-render-counter="0" class=" p-srch-retailer__menu-button b-button b-button_rounding_small b-button_size_m b-button_exterior_outline b-button_opened_false i-block-helper uid-3956767186747745 uid-15862845999470965" data-analytics-id="5" data-analytics-path="button"><span class="b-button__root-wrapper uid-3956767186747745"><button data-hint="" type="button" class="b-button__button g-hint g-hint_pos_bottom uid-3956767186747745" aria-expanded="false"><span class="b-button__wrapper uid-3956767186747745"><!----><span class="b-button__cell b-button__value uid-3956767186747745 p-srch-retailer__menu-icon"></span><!----> <!----><!----></span></button><!----> <!----></span></span></div> <div data-render-counter="2" class="p-srch-retailer__segment-switcher b-cats-list b-cats-list_exterior_ b-cats-list_link-border_false b-cats-list_hidden_true b-cats-list_hide-labels_false b-cats-list_progress_false i-block-helper uid-7112181072818857" data-analytics-id="6" data-analytics-path="TagList"><div class="b-cats-list__root-wrapper uid-7112181072818857"><div class="b-cats-list__content-wrapper b-cats-list__content-wrapper_pinned_true uid-7112181072818857"><ul class="b-cats-list__wrapper b-cats-list__wrapper_pinned_true uid-7112181072818857"></ul></div><div class="b-cats-list__content-wrapper b-cats-list__content-wrapper_pinned_false uid-7112181072818857"><ul class="b-cats-list__wrapper b-cats-list__wrapper_pinned_false uid-7112181072818857" style="transition: transform 0s linear 0s;"><li class="b-cats-list__item uid-7112181072818857"><button aria-selected="true" data-id="0" role="tab" class="g-hint g-hint_pos_bottom uid-7112181072818857 b-cats-list__link b-cats-list__link_id_0 b-cats-list__link_active_true" data-analytics-id="10" data-analytics-path="TagItem"><!----><span class="b-cats-list__cell b-cats-list__link-value uid-7112181072818857">Для вас</span><!----><!----></button></li></ul></div></div></div></div></div> <!----><div class="p-srch-retailer__wall-wrapper uid-15862845999470965"><div class="p-srch-retailer__offer-wall-header p-srch-retailer__offer-wall-header_source_main-feed"><div class="p-srch-retailer__setting-control uid-15862845999470965"><span data-skeleton-marker="true" data-render-counter="0" id="sortOffersButton" class=" p-srch-retailer__sort-button b-button b-button_rounding_small b-button_size_s b-button_exterior_neutral b-button_opened_false i-block-helper uid-3647090658249097" data-analytics-id="7" data-analytics-path="button"><span class="b-button__root-wrapper uid-3647090658249097"><button data-hint="" type="button" class="b-button__button g-hint g-hint_pos_bottom uid-3647090658249097" aria-expanded="false"><span class="b-button__wrapper uid-3647090658249097"><span class="b-button__cell b-button__icon b-button__pre-icon uid-3647090658249097"><svg data-render-counter="0" class="b-icon b-icon_size_auto b-icon_exterior_neutral i-block-helper uid-2735419860405832"><use data-update-on-id="6816773027494731"></use><use xlink:href="#sort" data-tmp=""></use></svg></span><span class="b-button__cell b-button__value uid-3647090658249097">По умолчанию </span><!----> <!----><!----></span></button><!----> <!----></span></span></div></div> <div data-render-counter="2" class="p-srch-retailer__segment-switch-container b-swipe i-block-helper uid-3545042569762189"><div class="b-swipe__wrapper uid-3545042569762189"><div class="b-swipe__content-wrapper uid-3545042569762189"><section class="b-swipe__content uid-3545042569762189"><div class="p-srch-retailer__container uid-15862845999470965"><div data-render-counter="1" class="b-disclaimer b-disclaimer_font-size_m b-disclaimer_padding_true b-disclaimer_stage_adult i-block-helper uid-8562198074362557 uid-15862845999470965 p-srch-retailer__alco-disclaimer p-srch-retailer__alco-disclaimer_source_main-feed b-disclaimer_confirmed_false" data-test-ref="mainFeedDisclaimer" data-analytics-id="9" data-analytics-path="Disclaimer"><div data-render-counter="1" class="b-adult-disclaimer b-adult-disclaimer_font-size_m b-adult-disclaimer_padding_true b-adult-disclaimer_stage_adult i-block-helper uid-8562198074362557"><div class="b-adult-disclaimer__confirmed uid-8562198074362557"><h2 class="b-adult-disclaimer__title-confirmed uid-8562198074362557">В этом списке есть алкогольные товары</h2> <p class="b-adult-disclaimer__info uid-8562198074362557">Чрезмерное употребление алкоголя вредит вашему здоровью. Приобретение алкогольной продукции осуществляется только в торговом зале магазина. <span>Время продажи алкоголя в магазине ограничено и устанавливается магазином согласно требованиям законодательства.</span></p></div> <div class="b-adult-disclaimer__unconfirmed uid-8562198074362557"><div class="b-adult-disclaimer__img uid-8562198074362557" style="background-image: url(&quot;https://yastatic.net/s3/edadeal-public-static/frontend/touch/289d362b134311/ES2018/touch_ES2018_assets/90b76010412f4cfeccc83fffe3e7729a.svg&quot;);"></div> <div class="b-adult-disclaimer__content uid-8562198074362557"><p class="b-adult-disclaimer__description uid-8562198074362557">Алкогольные товары скрыты. Хотите видеть&nbsp;их?  </p><span data-skeleton-marker="true" data-render-counter="0" class=" b-adult-disclaimer__confirm b-button b-button_rounding_small b-button_size_m b-button_exterior_primary b-button_opened_false i-block-helper uid-07405168703689347 uid-8562198074362557" data-analytics-id="8" data-analytics-path="Disclaimer"><span class="b-button__root-wrapper uid-07405168703689347"><button data-hint="" type="button" class="b-button__button g-hint g-hint_pos_bottom uid-07405168703689347" aria-expanded="false"><span class="b-button__wrapper uid-07405168703689347"><!----><span class="b-button__cell b-button__value uid-07405168703689347">Да. Мне есть 18</span><!----> <!----><!----></span></button><!----> <!----></span></span></div></div></div></div>  <div data-ads-slot="false" data-ads-static-slot="" class="p-srch-retailer__ads uid-15862845999470965" data-ads-offset="0"><div data-hash="62ecdire001" data-ads-builder-node=""><div class="g-rtb g-rtb__direct_js g-rtb__page_name_p-srch-retailer" id="id-41122820863032-1"><div style="width: 100%;"></div></div></div></div> <div data-render-counter="2" class="b-virtual-scroll i-block-helper uid-7879831670959037 uid-15862845999470965 p-srch-retailer__offer-wall p-srch-retailer__offer-wall_source_main-feed p-srch-retailer__offer-wall_slider_false" data-test-ref="mainFeed" data-ads-consumer="true" data-analytics-id="11"><div class="b-virtual-scroll__wrapper uid-7879831670959037 p-srch-retailer__wall-wrapper"><div data-test-ref="container" class="b-virtual-scroll__container uid-7879831670959037 p-srch-retailer__wall-container"><div data-analytics-marker="b-srch-card" data-test-ref="b-srch-card" data-render-counter="2" class="b-srch-card b-srch-card_view_default b-srch-card_retailer-icon_true b-srch-card_with-date_false b-srch-card_with-toggle_false b-srch-card_size_l b-srch-card_with-like_false b-srch-card_liked_false i-block-helper uid-5090355696467173 b-virtual-scroll__option-el p-srch-retailer__card" data-analytics-id="12" data-analytics-path="DiscountCard"><div class="b-srch-card__container uid-5090355696467173 b-srch-card__container b-srch-card__container_stage_srch uid-5090355696467173"><!----> <div class="b-srch-card__content uid-5090355696467173 b-srch-card__show b-srch-card__show_date_true b-srch-card__retailer b-srch-card__retailer_name_false b-srch-card__retailer_hide_true uid-5090355696467173"><div class="b-srch-card__img"><img loading="lazy" src="https://leonardo.edadeal.io/dyn/cr/catalyst/offers/ieawqg6upv4cbb6x6oe22k4gxy.jpg" class="b-srch-card__main-img uid-5090355696467173"> <!----> <!----></div> <div class="b-srch-card__card uid-5090355696467173"><header><div class="b-srch-card__head uid-5090355696467173"><div class="b-srch-card__date-container"><time class="b-srch-card__date uid-5090355696467173 b-srch-card__date b-srch-card__date_feature_false uid-5090355696467173">По 8 авг.</time></div> <!----></div> <div class="b-srch-card__item b-srch-card__title uid-5090355696467173">Фасоль Bonduelle Classique, красная, 400 г</div></header> <div class="b-srch-card__body uid-5090355696467173"><div class="b-srch-card__item"><div data-render-counter="2" class=" b-srch-card__price-new b-money b-money_size_s b-money_redesign_false b-money_currency-position_after i-block-helper uid-47129142775386623 uid-5090355696467173"><div class="b-money__root-wrapper uid-47129142775386623"><span data-test-ref="money-base" class="uid-47129142775386623 b-money__baseunit b-money__baseunit_positive-value_true">89</span> <span class="uid-47129142775386623 b-money__comma b-money__comma_positive-value_true">,</span> <span data-test-ref="money-subunit" class="uid-47129142775386623 b-money__subunit b-money__subunit_positive-value_true">99</span> <span data-test-ref="currency" class="b-money__currency uid-47129142775386623">₽</span> <div class="b-money__line uid-47129142775386623"></div></div></div> <div data-render-counter="2" class=" b-srch-card__discount-label b-content-renderer b-content-renderer_direction_column b-content-renderer_space_xl i-block-helper uid-48345412849961855"><div class="b-content-renderer__element uid-48345412849961855"><div data-render-counter="2" class="b-tpl-discount-label b-tpl-discount-label_space_xl i-block-helper uid-48345412849961855"><div class="b-tpl-discount-label__label b-tpl-discount-label__label_exterior_plain">−41% <div class="b-tpl-discount-label__label b-tpl-discount-label__label_display-corner_false"></div></div></div> <!----></div></div><div data-render-counter="2" class=" b-srch-card__price-old b-money b-money_line-through_true b-money_size_s b-money_redesign_false b-money_currency-position_after i-block-helper uid-640208676693182 uid-5090355696467173"><div class="b-money__root-wrapper uid-640208676693182"><span data-test-ref="money-base" class="uid-640208676693182 b-money__baseunit b-money__baseunit_positive-value_true">149</span> <span class="uid-640208676693182 b-money__comma b-money__comma_positive-value_true">,</span> <span data-test-ref="money-subunit" class="uid-640208676693182 b-money__subunit b-money__subunit_positive-value_true">99</span> <span data-test-ref="currency" class="b-money__currency uid-640208676693182">₽</span> <div class="b-money__line uid-640208676693182"></div></div></div></div> <div class="b-srch-card__item b-srch-card__info uid-5090355696467173"><span>400&nbsp;г&nbsp;• 224,97&nbsp;₽/кг</span></div> <!----><!----></div><!----></div></div> <!----><!----> <!----></div><div><div class="b-srch-card__ads uid-5090355696467173 p-srch-retailer__card-ads" data-ads-slot="true" data-ads-offset="1"></div></div></div><div data-analytics-marker="b-srch-card" data-test-ref="b-srch-card" data-render-counter="2" class="b-srch-card b-srch-card_view_default b-srch-card_retailer-icon_true b-srch-card_with-date_false b-srch-card_with-toggle_false b-srch-card_size_l b-srch-card_with-like_false b-srch-card_liked_false i-block-helper uid-9241664655006705 b-virtual-scroll__option-el p-srch-retailer__card" data-analytics-id="13" data-analytics-path="DiscountCard"><div class="b-srch-card__container uid-9241664655006705 b-srch-card__container b-srch-card__container_stage_srch uid-9241664655006705"><!----> <div class="b-srch-card__content uid-9241664655006705 b-srch-card__show b-srch-card__show_date_true b-srch-card__retailer b-srch-card__retailer_name_false b-srch-card__retailer_hide_true uid-9241664655006705"><div class="b-srch-card__img"><img loading="lazy" src="https://leonardo.edadeal.io/dyn/cr/catalyst/offers/h23tz3agw7txxqwcfwpa7xesw4.jpg" class="b-srch-card__main-img uid-9241664655006705"> <!----> <!----></div> <div class="b-srch-card__card uid-9241664655006705"><header><div class="b-srch-card__head uid-9241664655006705"><div class="b-srch-card__date-container"><time class="b-srch-card__date uid-9241664655006705 b-srch-card__date b-srch-card__date_feature_false uid-9241664655006705">По 31 авг.</time></div> <!----></div> <div class="b-srch-card__item b-srch-card__title uid-9241664655006705">Конфеты Родные просторы, с вафельной крокой, 180 г</div></header> <div class="b-srch-card__body uid-9241664655006705"><div class="b-srch-card__item"><div data-render-counter="2" class=" b-srch-card__price-new b-money b-money_size_s b-money_redesign_false b-money_currency-position_after i-block-helper uid-913735424402613 uid-9241664655006705"><div class="b-money__root-wrapper uid-913735424402613"><span data-test-ref="money-base" class="uid-913735424402613 b-money__baseunit b-money__baseunit_positive-value_true">179</span> <span class="uid-913735424402613 b-money__comma b-money__comma_positive-value_true">,</span> <span data-test-ref="money-subunit" class="uid-913735424402613 b-money__subunit b-money__subunit_positive-value_true">99</span> <span data-test-ref="currency" class="b-money__currency uid-913735424402613">₽</span> <div class="b-money__line uid-913735424402613"></div></div></div> <div data-render-counter="2" class=" b-srch-card__discount-label b-content-renderer b-content-renderer_direction_column b-content-renderer_space_xl i-block-helper uid-2567331715047594"><div class="b-content-renderer__element uid-2567331715047594"><div data-render-counter="2" class="b-tpl-discount-label b-tpl-discount-label_space_xl i-block-helper uid-2567331715047594"><div class="b-tpl-discount-label__label b-tpl-discount-label__label_exterior_plain">−41% <div class="b-tpl-discount-label__label b-tpl-discount-label__label_display-corner_false"></div></div></div> <!----></div></div><div data-render-counter="2" class=" b-srch-card__price-old b-money b-money_line-through_true b-money_size_s b-money_redesign_false b-money_currency-position_after i-block-helper uid-17640060441602023 uid-9241664655006705"><div class="b-money__root-wrapper uid-17640060441602023"><span data-test-ref="money-base" class="uid-17640060441602023 b-money__baseunit b-money__baseunit_positive-value_true">299</span> <span class="uid-17640060441602023 b-money__comma b-money__comma_positive-value_true">,</span> <span data-test-ref="money-subunit" class="uid-17640060441602023 b-money__subunit b-money__subunit_positive-value_true">99</span> <span data-test-ref="currency" class="b-money__currency uid-17640060441602023">₽</span> <div class="b-money__line uid-17640060441602023"></div></div></div></div> <div class="b-srch-card__item b-srch-card__info uid-9241664655006705"><span>180&nbsp;г&nbsp;• 999,94&nbsp;₽/кг</span></div> <!----><!----></div><!----></div></div> <!----><!----> <!----></div><div><div class="b-srch-card__ads uid-9241664655006705 p-srch-retailer__card-ads" data-ads-slot="true" data-ads-offset="2"></div></div></div><div data-analytics-marker="b-srch-card" data-test-ref="b-srch-card" data-render-counter="2" class="b-srch-card b-srch-card_view_default b-srch-card_retailer-icon_true b-srch-card_with-date_false b-srch-card_with-toggle_false b-srch-card_size_l b-srch-card_with-like_false b-srch-card_liked_false i-block-helper uid-42364692729781384 b-virtual-scroll__option-el p-srch-retailer__card" data-analytics-id="14" data-analytics-path="DiscountCard"><div class="b-srch-card__container uid-42364692729781384 b-srch-card__container b-srch-card__container_stage_srch uid-42364692729781384"><!----> <div class="b-srch-card__content uid-42364692729781384 b-srch-card__show b-srch-card__show_date_true b-srch-card__retailer b-srch-card__retailer_name_false b-srch-card__retailer_hide_true uid-42364692729781384"><div class="b-srch-card__img"><img loading="lazy" src="https://leonardo.edadeal.io/dyn/cr/catalyst/offers/wbliazbqdefrdbpirreiahoryy.jpg" class="b-srch-card__main-img uid-42364692729781384"> <!----> <!----></div> <div class="b-srch-card__card uid-42364692729781384"><header><div class="b-srch-card__head uid-42364692729781384"><div class="b-srch-card__date-container"><time class="b-srch-card__date uid-42364692729781384 b-srch-card__date b-srch-card__date_feature_false uid-42364692729781384">По 31 авг.</time></div> <!----></div> <div class="b-srch-card__item b-srch-card__title uid-42364692729781384">Чай Akbar Limited Edition, чёрный, крупнолистовой, 200 г</div></header> <div class="b-srch-card__body uid-42364692729781384"><div class="b-srch-card__item"><div data-render-counter="2" class=" b-srch-card__price-new b-money b-money_size_s b-money_redesign_false b-money_currency-position_after i-block-helper uid-8576576279821899 uid-42364692729781384"><div class="b-money__root-wrapper uid-8576576279821899"><span data-test-ref="money-base" class="uid-8576576279821899 b-money__baseunit b-money__baseunit_positive-value_true">239</span> <span class="uid-8576576279821899 b-money__comma b-money__comma_positive-value_true">,</span> <span data-test-ref="money-subunit" class="uid-8576576279821899 b-money__subunit b-money__subunit_positive-value_true">99</span> <span data-test-ref="currency" class="b-money__currency uid-8576576279821899">₽</span> <div class="b-money__line uid-8576576279821899"></div></div></div> <div data-render-counter="2" class=" b-srch-card__discount-label b-content-renderer b-content-renderer_direction_column b-content-renderer_space_xl i-block-helper uid-01261969910364269"><div class="b-content-renderer__element uid-01261969910364269"><div data-render-counter="2" class="b-tpl-discount-label b-tpl-discount-label_space_xl i-block-helper uid-01261969910364269"><div class="b-tpl-discount-label__label b-tpl-discount-label__label_exterior_plain">−41% <div class="b-tpl-discount-label__label b-tpl-discount-label__label_display-corner_false"></div></div></div> <!----></div></div><div data-render-counter="2" class=" b-srch-card__price-old b-money b-money_line-through_true b-money_size_s b-money_redesign_false b-money_currency-position_after i-block-helper uid-2176103512781229 uid-42364692729781384"><div class="b-money__root-wrapper uid-2176103512781229"><span data-test-ref="money-base" class="uid-2176103512781229 b-money__baseunit b-money__baseunit_positive-value_true">399</span> <span class="uid-2176103512781229 b-money__comma b-money__comma_positive-value_true">,</span> <span data-test-ref="money-subunit" class="uid-2176103512781229 b-money__subunit b-money__subunit_positive-value_true">99</span> <span data-test-ref="currency" class="b-money__currency uid-2176103512781229">₽</span> <div class="b-money__line uid-2176103512781229"></div></div></div></div> <div class="b-srch-card__item b-srch-card__info uid-42364692729781384"><span>200&nbsp;г&nbsp;• 1199,95&nbsp;₽/кг</span></div> <!----><!----></div><!----></div></div> <!----><!----> <!----></div><div><div class="b-srch-card__ads uid-42364692729781384 p-srch-retailer__card-ads" data-ads-slot="true" data-ads-offset="3"></div></div></div><div data-analytics-marker="b-srch-card" data-test-ref="b-srch-card" data-render-counter="2" class="b-srch-card b-srch-card_view_default b-srch-card_retailer-icon_true b-srch-card_with-date_false b-srch-card_with-toggle_false b-srch-card_size_l b-srch-card_with-like_false b-srch-card_liked_false i-block-helper uid-9465969534839149 b-virtual-scroll__option-el p-srch-retailer__card" data-analytics-id="15" data-analytics-path="DiscountCard"><div class="b-srch-card__container uid-9465969534839149 b-srch-card__container b-srch-card__container_stage_srch uid-9465969534839149"><!----> <div class="b-srch-card__content uid-9465969534839149 b-srch-card__show b-srch-card__show_date_true b-srch-card__retailer b-srch-card__retailer_name_false b-srch-card__retailer_hide_true uid-9465969534839149"><div class="b-srch-card__img"><img loading="lazy" src="https://leonardo.edadeal.io/dyn/cr/catalyst/offers/gitau3qpwn6l7zcvuotyp2wjt4.jpg" class="b-srch-card__main-img uid-9465969534839149"> <!----> <!----></div> <div class="b-srch-card__card uid-9465969534839149"><header><div class="b-srch-card__head uid-9465969534839149"><div class="b-srch-card__date-container"><time class="b-srch-card__date uid-9465969534839149 b-srch-card__date b-srch-card__date_feature_false uid-9465969534839149">По 8 авг.</time></div> <!----></div> <div class="b-srch-card__item b-srch-card__title uid-9465969534839149">Сервелат Венский, Мясницкий ряд, 300 г</div></header> <div class="b-srch-card__body uid-9465969534839149"><div class="b-srch-card__item"><div data-render-counter="2" class=" b-srch-card__price-new b-money b-money_size_s b-money_redesign_false b-money_currency-position_after i-block-helper uid-13366955764821387 uid-9465969534839149"><div class="b-money__root-wrapper uid-13366955764821387"><span data-test-ref="money-base" class="uid-13366955764821387 b-money__baseunit b-money__baseunit_positive-value_true">149</span> <span class="uid-13366955764821387 b-money__comma b-money__comma_positive-value_true">,</span> <span data-test-ref="money-subunit" class="uid-13366955764821387 b-money__subunit b-money__subunit_positive-value_true">99</span> <span data-test-ref="currency" class="b-money__currency uid-13366955764821387">₽</span> <div class="b-money__line uid-13366955764821387"></div></div></div> <div data-render-counter="2" class=" b-srch-card__discount-label b-content-renderer b-content-renderer_direction_column b-content-renderer_space_xl i-block-helper uid-6685339542196596"><div class="b-content-renderer__element uid-6685339542196596"><div data-render-counter="2" class="b-tpl-discount-label b-tpl-discount-label_space_xl i-block-helper uid-6685339542196596"><div class="b-tpl-discount-label__label b-tpl-discount-label__label_exterior_plain">−45% <div class="b-tpl-discount-label__label b-tpl-discount-label__label_display-corner_false"></div></div></div> <!----></div></div><div data-render-counter="2" class=" b-srch-card__price-old b-money b-money_line-through_true b-money_size_s b-money_redesign_false b-money_currency-position_after i-block-helper uid-9884430246746114 uid-9465969534839149"><div class="b-money__root-wrapper uid-9884430246746114"><span data-test-ref="money-base" class="uid-9884430246746114 b-money__baseunit b-money__baseunit_positive-value_true">269</span> <span class="uid-9884430246746114 b-money__comma b-money__comma_positive-value_true">,</span> <span data-test-ref="money-subunit" class="uid-9884430246746114 b-money__subunit b-money__subunit_positive-value_true">99</span> <span data-test-ref="currency" class="b-money__currency uid-9884430246746114">₽</span> <div class="b-money__line uid-9884430246746114"></div></div></div></div> <div class="b-srch-card__item b-srch-card__info uid-9465969534839149"><span>300&nbsp;г&nbsp;• 499,97&nbsp;₽/кг</span></div> <!----><!----></div><!----></div></div> <!----><!----> <!----></div><div><div class="b-srch-card__ads uid-9465969534839149 p-srch-retailer__card-ads" data-ads-slot="true" data-ads-offset="4"></div></div></div><div data-analytics-marker="b-srch-card" data-test-ref="b-srch-card" data-render-counter="2" class="b-srch-card b-srch-card_view_default b-srch-card_retailer-icon_true b-srch-card_with-date_false b-srch-card_with-toggle_false b-srch-card_size_l b-srch-card_with-like_false b-srch-card_liked_false i-block-helper uid-04034702323909656 b-virtual-scroll__option-el p-srch-retailer__card" data-analytics-id="16" data-analytics-path="DiscountCard"><div class="b-srch-card__container uid-04034702323909656 b-srch-card__container b-srch-card__container_stage_srch uid-04034702323909656"><!----> <div class="b-srch-card__content uid-04034702323909656 b-srch-card__show b-srch-card__show_date_true b-srch-card__retailer b-srch-card__retailer_name_false b-srch-card__retailer_hide_true uid-04034702323909656"><div class="b-srch-card__img"><img loading="lazy" src="https://leonardo.edadeal.io/dyn/cr/catalyst/offers/mvefiuxcfazgtzhlbx776s5v5e.jpg" class="b-srch-card__main-img uid-04034702323909656"> <!----> <!----></div> <div class="b-srch-card__card uid-04034702323909656"><header><div class="b-srch-card__head uid-04034702323909656"><div class="b-srch-card__date-container"><time class="b-srch-card__date uid-04034702323909656 b-srch-card__date b-srch-card__date_feature_false uid-04034702323909656">По 31 авг.</time></div> <!----></div> <div class="b-srch-card__item b-srch-card__title uid-04034702323909656">Конфеты Птичье Молоко, РотФронт, 225 г</div></header> <div class="b-srch-card__body uid-04034702323909656"><div class="b-srch-card__item"><div data-render-counter="2" class=" b-srch-card__price-new b-money b-money_size_s b-money_redesign_false b-money_currency-position_after i-block-helper uid-5697154621178104 uid-04034702323909656"><div class="b-money__root-wrapper uid-5697154621178104"><span data-test-ref="money-base" class="uid-5697154621178104 b-money__baseunit b-money__baseunit_positive-value_true">114</span> <span class="uid-5697154621178104 b-money__comma b-money__comma_positive-value_true">,</span> <span data-test-ref="money-subunit" class="uid-5697154621178104 b-money__subunit b-money__subunit_positive-value_true">99</span> <span data-test-ref="currency" class="b-money__currency uid-5697154621178104">₽</span> <div class="b-money__line uid-5697154621178104"></div></div></div> <div data-render-counter="2" class=" b-srch-card__discount-label b-content-renderer b-content-renderer_direction_column b-content-renderer_space_xl i-block-helper uid-9795464943596031"><div class="b-content-renderer__element uid-9795464943596031"><div data-render-counter="2" class="b-tpl-discount-label b-tpl-discount-label_space_xl i-block-helper uid-9795464943596031"><div class="b-tpl-discount-label__label b-tpl-discount-label__label_exterior_plain">−48% <div class="b-tpl-discount-label__label b-tpl-discount-label__label_display-corner_false"></div></div></div> <!----></div></div><div data-render-counter="2" class=" b-srch-card__price-old b-money b-money_line-through_true b-money_size_s b-money_redesign_false b-money_currency-position_after i-block-helper uid-16156783806200847 uid-04034702323909656"><div class="b-money__root-wrapper uid-16156783806200847"><span data-test-ref="money-base" class="uid-16156783806200847 b-money__baseunit b-money__baseunit_positive-value_true">218</span> <span class="uid-16156783806200847 b-money__comma b-money__comma_positive-value_true">,</span> <span data-test-ref="money-subunit" class="uid-16156783806200847 b-money__subunit b-money__subunit_positive-value_true">99</span> <span data-test-ref="currency" class="b-money__currency uid-16156783806200847">₽</span> <div class="b-money__line uid-16156783806200847"></div></div></div></div> <div class="b-srch-card__item b-srch-card__info uid-04034702323909656"><span>225&nbsp;г&nbsp;• 511,07&nbsp;₽/кг</span></div> <!----><!----></div><!----></div></div> <!----><!----> <!----></div><div><div class="b-srch-card__ads uid-04034702323909656 p-srch-retailer__card-ads" data-ads-slot="true" data-ads-offset="5"></div></div></div><div data-analytics-marker="b-srch-card" data-test-ref="b-srch-card" data-render-counter="2" class="b-srch-card b-srch-card_view_default b-srch-card_retailer-icon_true b-srch-card_with-date_false b-srch-card_with-toggle_false b-srch-card_size_l b-srch-card_with-like_false b-srch-card_liked_false i-block-helper uid-758140276781549 b-virtual-scroll__option-el p-srch-retailer__card" data-analytics-id="17" data-analytics-path="DiscountCard"><div class="b-srch-card__container uid-758140276781549 b-srch-card__container b-srch-card__container_stage_srch uid-758140276781549"><!----> <div class="b-srch-card__content uid-758140276781549 b-srch-card__show b-srch-card__show_date_true b-srch-card__retailer b-srch-card__retailer_name_false b-srch-card__retailer_hide_true uid-758140276781549"><div class="b-srch-card__img"><img loading="lazy" src="https://leonardo.edadeal.io/dyn/cr/catalyst/offers/ieawqg6upv4cbb6x6oe22k4gxy.jpg" class="b-srch-card__main-img uid-758140276781549"> <!----> <!----></div> <div class="b-srch-card__card uid-758140276781549"><header><div class="b-srch-card__head uid-758140276781549"><div class="b-srch-card__date-container"><time class="b-srch-card__date uid-758140276781549 b-srch-card__date b-srch-card__date_feature_false uid-758140276781549">По 8 авг.</time></div> <!----></div> <div class="b-srch-card__item b-srch-card__title uid-758140276781549">Фасоль Bonduelle Classique, красная, 400 г</div></header> <div class="b-srch-card__body uid-758140276781549"><div class="b-srch-card__item"><div data-render-counter="2" class=" b-srch-card__price-new b-money b-money_size_s b-money_redesign_false b-money_currency-position_after i-block-helper uid-22196430265401657 uid-758140276781549"><div class="b-money__root-wrapper uid-22196430265401657"><span data-test-ref="money-base" class="uid-22196430265401657 b-money__baseunit b-money__baseunit_positive-value_true">89</span> <span class="uid-22196430265401657 b-money__comma b-money__comma_positive-value_true">,</span> <span data-test-ref="money-subunit" class="uid-22196430265401657 b-money__subunit b-money__subunit_positive-value_true">99</span> <span data-test-ref="currency" class="b-money__currency uid-22196430265401657">₽</span> <div class="b-money__line uid-22196430265401657"></div></div></div> <div data-render-counter="2" class=" b-srch-card__discount-label b-content-renderer b-content-renderer_direction_column b-content-renderer_space_xl i-block-helper uid-5971678851375464"><div class="b-content-renderer__element uid-5971678851375464"><div data-render-counter="2" class="b-tpl-discount-label b-tpl-discount-label_space_xl i-block-helper uid-5971678851375464"><div class="b-tpl-discount-label__label b-tpl-discount-label__label_exterior_plain">−41% <div class="b-tpl-discount-label__label b-tpl-discount-label__label_display-corner_false"></div></div></div> <!----></div></div><div data-render-counter="2" class=" b-srch-card__price-old b-money b-money_line-through_true b-money_size_s b-money_redesign_false b-money_currency-position_after i-block-helper uid-6972874489372853 uid-758140276781549"><div class="b-money__root-wrapper uid-6972874489372853"><span data-test-ref="money-base" class="uid-6972874489372853 b-money__baseunit b-money__baseunit_positive-value_true">149</span> <span class="uid-6972874489372853 b-money__comma b-money__comma_positive-value_true">,</span> <span data-test-ref="money-subunit" class="uid-6972874489372853 b-money__subunit b-money__subunit_positive-value_true">99</span> <span data-test-ref="currency" class="b-money__currency uid-6972874489372853">₽</span> <div class="b-money__line uid-6972874489372853"></div></div></div></div> <div class="b-srch-card__item b-srch-card__info uid-758140276781549"><span>400&nbsp;г&nbsp;• 224,97&nbsp;₽/кг</span></div> <!----><!----></div><!----></div></div> <!----><!----> <!----></div><div><div class="b-srch-card__ads uid-758140276781549 p-srch-retailer__card-ads" data-ads-slot="true" data-ads-offset="6"><div data-hash="62a9Dire601" data-ads-builder-node=""><div class="g-rtb g-rtb__direct_js g-rtb__page_name_p-srch-retailer" id="id-18636420857761-2"><div style="width: 100%;"></div></div></div></div></div></div><div data-analytics-marker="b-srch-card" data-test-ref="b-srch-card" data-render-counter="2" class="b-srch-card b-srch-card_view_default b-srch-card_retailer-icon_true b-srch-card_with-date_false b-srch-card_with-toggle_false b-srch-card_size_l b-srch-card_with-like_false b-srch-card_liked_false i-block-helper uid-7223540035533105 b-virtual-scroll__option-el p-srch-retailer__card" data-analytics-id="18" data-analytics-path="DiscountCard"><div class="b-srch-card__container uid-7223540035533105 b-srch-card__container b-srch-card__container_stage_srch uid-7223540035533105"><!----> <div class="b-srch-card__content uid-7223540035533105 b-srch-card__show b-srch-card__show_date_true b-srch-card__retailer b-srch-card__retailer_name_false b-srch-card__retailer_hide_true uid-7223540035533105"><div class="b-srch-card__img"><img loading="lazy" src="https://leonardo.edadeal.io/dyn/cr/catalyst/offers/h23tz3agw7txxqwcfwpa7xesw4.jpg" class="b-srch-card__main-img uid-7223540035533105"> <!----> <!----></div> <div class="b-srch-card__card uid-7223540035533105"><header><div class="b-srch-card__head uid-7223540035533105"><div class="b-srch-card__date-container"><time class="b-srch-card__date uid-7223540035533105 b-srch-card__date b-srch-card__date_feature_false uid-7223540035533105">По 31 авг.</time></div> <!----></div> <div class="b-srch-card__item b-srch-card__title uid-7223540035533105">Конфеты Родные просторы, с вафельной крокой, 180 г</div></header> <div class="b-srch-card__body uid-7223540035533105"><div class="b-srch-card__item"><div data-render-counter="2" class=" b-srch-card__price-new b-money b-money_size_s b-money_redesign_false b-money_currency-position_after i-block-helper uid-2840151307656691 uid-7223540035533105"><div class="b-money__root-wrapper uid-2840151307656691"><span data-test-ref="money-base" class="uid-2840151307656691 b-money__baseunit b-money__baseunit_positive-value_true">179</span> <span class="uid-2840151307656691 b-money__comma b-money__comma_positive-value_true">,</span> <span data-test-ref="money-subunit" class="uid-2840151307656691 b-money__subunit b-money__subunit_positive-value_true">99</span> <span data-test-ref="currency" class="b-money__currency uid-2840151307656691">₽</span> <div class="b-money__line uid-2840151307656691"></div></div></div> <div data-render-counter="2" class=" b-srch-card__discount-label b-content-renderer b-content-renderer_direction_column b-content-renderer_space_xl i-block-helper uid-39559660344506"><div class="b-content-renderer__element uid-39559660344506"><div data-render-counter="2" class="b-tpl-discount-label b-tpl-discount-label_space_xl i-block-helper uid-39559660344506"><div class="b-tpl-discount-label__label b-tpl-discount-label__label_exterior_plain">−41% <div class="b-tpl-discount-label__label b-tpl-discount-label__label_display-corner_false"></div></div></div> <!----></div></div><div data-render-counter="2" class=" b-srch-card__price-old b-money b-money_line-through_true b-money_size_s b-money_redesign_false b-money_currency-position_after i-block-helper uid-24433172656510993 uid-7223540035533105"><div class="b-money__root-wrapper uid-24433172656510993"><span data-test-ref="money-base" class="uid-24433172656510993 b-money__baseunit b-money__baseunit_positive-value_true">299</span> <span class="uid-24433172656510993 b-money__comma b-money__comma_positive-value_true">,</span> <span data-test-ref="money-subunit" class="uid-24433172656510993 b-money__subunit b-money__subunit_positive-value_true">99</span> <span data-test-ref="currency" class="b-money__currency uid-24433172656510993">₽</span> <div class="b-money__line uid-24433172656510993"></div></div></div></div> <div class="b-srch-card__item b-srch-card__info uid-7223540035533105"><span>180&nbsp;г&nbsp;• 999,94&nbsp;₽/кг</span></div> <!----><!----></div><!----></div></div> <!----><!----> <!----></div><div><div class="b-srch-card__ads uid-7223540035533105 p-srch-retailer__card-ads" data-ads-slot="true" data-ads-offset="7"></div></div></div><div data-analytics-marker="b-srch-card" data-test-ref="b-srch-card" data-render-counter="2" class="b-srch-card b-srch-card_view_default b-srch-card_retailer-icon_true b-srch-card_with-date_false b-srch-card_with-toggle_false b-srch-card_size_l b-srch-card_with-like_false b-srch-card_liked_false i-block-helper uid-8924675880438933 b-virtual-scroll__option-el p-srch-retailer__card" data-analytics-id="19" data-analytics-path="DiscountCard"><div class="b-srch-card__container uid-8924675880438933 b-srch-card__container b-srch-card__container_stage_srch uid-8924675880438933"><!----> <div class="b-srch-card__content uid-8924675880438933 b-srch-card__show b-srch-card__show_date_true b-srch-card__retailer b-srch-card__retailer_name_false b-srch-card__retailer_hide_true uid-8924675880438933"><div class="b-srch-card__img"><img loading="lazy" src="https://leonardo.edadeal.io/dyn/cr/catalyst/offers/wbliazbqdefrdbpirreiahoryy.jpg" class="b-srch-card__main-img uid-8924675880438933"> <!----> <!----></div> <div class="b-srch-card__card uid-8924675880438933"><header><div class="b-srch-card__head uid-8924675880438933"><div class="b-srch-card__date-container"><time class="b-srch-card__date uid-8924675880438933 b-srch-card__date b-srch-card__date_feature_false uid-8924675880438933">По 31 авг.</time></div> <!----></div> <div class="b-srch-card__item b-srch-card__title uid-8924675880438933">Чай Akbar Limited Edition, чёрный, крупнолистовой, 200 г</div></header> <div class="b-srch-card__body uid-8924675880438933"><div class="b-srch-card__item"><div data-render-counter="2" class=" b-srch-card__price-new b-money b-money_size_s b-money_redesign_false b-money_currency-position_after i-block-helper uid-2614746536240038 uid-8924675880438933"><div class="b-money__root-wrapper uid-2614746536240038"><span data-test-ref="money-base" class="uid-2614746536240038 b-money__baseunit b-money__baseunit_positive-value_true">239</span> <span class="uid-2614746536240038 b-money__comma b-money__comma_positive-value_true">,</span> <span data-test-ref="money-subunit" class="uid-2614746536240038 b-money__subunit b-money__subunit_positive-value_true">99</span> <span data-test-ref="currency" class="b-money__currency uid-2614746536240038">₽</span> <div class="b-money__line uid-2614746536240038"></div></div></div> <div data-render-counter="2" class=" b-srch-card__discount-label b-content-renderer b-content-renderer_direction_column b-content-renderer_space_xl i-block-helper uid-6452716466877444"><div class="b-content-renderer__element uid-6452716466877444"><div data-render-counter="2" class="b-tpl-discount-label b-tpl-discount-label_space_xl i-block-helper uid-6452716466877444"><div class="b-tpl-discount-label__label b-tpl-discount-label__label_exterior_plain">−41% <div class="b-tpl-discount-label__label b-tpl-discount-label__label_display-corner_false"></div></div></div> <!----></div></div><div data-render-counter="2" class=" b-srch-card__price-old b-money b-money_line-through_true b-money_size_s b-money_redesign_false b-money_currency-position_after i-block-helper uid-2748798884539523 uid-8924675880438933"><div class="b-money__root-wrapper uid-2748798884539523"><span data-test-ref="money-base" class="uid-2748798884539523 b-money__baseunit b-money__baseunit_positive-value_true">399</span> <span class="uid-2748798884539523 b-money__comma b-money__comma_positive-value_true">,</span> <span data-test-ref="money-subunit" class="uid-2748798884539523 b-money__subunit b-money__subunit_positive-value_true">99</span> <span data-test-ref="currency" class="b-money__currency uid-2748798884539523">₽</span> <div class="b-money__line uid-2748798884539523"></div></div></div></div> <div class="b-srch-card__item b-srch-card__info uid-8924675880438933"><span>200&nbsp;г&nbsp;• 1199,95&nbsp;₽/кг</span></div> <!----><!----></div><!----></div></div> <!----><!----> <!----></div><div><div class="b-srch-card__ads uid-8924675880438933 p-srch-retailer__card-ads" data-ads-slot="true" data-ads-offset="8"></div></div></div><div data-analytics-marker="b-srch-card" data-test-ref="b-srch-card" data-render-counter="2" class="b-srch-card b-srch-card_view_default b-srch-card_retailer-icon_true b-srch-card_with-date_false b-srch-card_with-toggle_false b-srch-card_size_l b-srch-card_with-like_false b-srch-card_liked_false i-block-helper uid-865222125345563 b-virtual-scroll__option-el p-srch-retailer__card" data-analytics-id="20" data-analytics-path="DiscountCard"><div class="b-srch-card__container uid-865222125345563 b-srch-card__container b-srch-card__container_stage_srch uid-865222125345563"><!----> <div class="b-srch-card__content uid-865222125345563 b-srch-card__show b-srch-card__show_date_true b-srch-card__retailer b-srch-card__retailer_name_false b-srch-card__retailer_hide_true uid-865222125345563"><div class="b-srch-card__img"><img loading="lazy" src="https://leonardo.edadeal.io/dyn/cr/catalyst/offers/gitau3qpwn6l7zcvuotyp2wjt4.jpg" class="b-srch-card__main-img uid-865222125345563"> <!----> <!----></div> <div class="b-srch-card__card uid-865222125345563"><header><div class="b-srch-card__head uid-865222125345563"><div class="b-srch-card__date-container"><time class="b-srch-card__date uid-865222125345563 b-srch-card__date b-srch-card__date_feature_false uid-865222125345563">По 8 авг.</time></div> <!----></div> <div class="b-srch-card__item b-srch-card__title uid-865222125345563">Сервелат Венский, Мясницкий ряд, 300 г</div></header> <div class="b-srch-card__body uid-865222125345563"><div class="b-srch-card__item"><div data-render-counter="2" class=" b-srch-card__price-new b-money b-money_size_s b-money_redesign_false b-money_currency-position_after i-block-helper uid-24183304707062714 uid-865222125345563"><div class="b-money__root-wrapper uid-24183304707062714"><span data-test-ref="money-base" class="uid-24183304707062714 b-money__baseunit b-money__baseunit_positive-value_true">149</span> <span class="uid-24183304707062714 b-money__comma b-money__comma_positive-value_true">,</span> <span data-test-ref="money-subunit" class="uid-24183304707062714 b-money__subunit b-money__subunit_positive-value_true">99</span> <span data-test-ref="currency" class="b-money__currency uid-24183304707062714">₽</span> <div class="b-money__line uid-24183304707062714"></div></div></div> <div data-render-counter="2" class=" b-srch-card__discount-label b-content-renderer b-content-renderer_direction_column b-content-renderer_space_xl i-block-helper uid-7999293038787514"><div class="b-content-renderer__element uid-7999293038787514"><div data-render-counter="2" class="b-tpl-discount-label b-tpl-discount-label_space_xl i-block-helper uid-7999293038787514"><div class="b-tpl-discount-label__label b-tpl-discount-label__label_exterior_plain">−45% <div class="b-tpl-discount-label__label b-tpl-discount-label__label_display-corner_false"></div></div></div> <!----></div></div><div data-render-counter="2" class=" b-srch-card__price-old b-money b-money_line-through_true b-money_size_s b-money_redesign_false b-money_currency-position_after i-block-helper uid-7310207234781654 uid-865222125345563"><div class="b-money__root-wrapper uid-7310207234781654"><span data-test-ref="money-base" class="uid-7310207234781654 b-money__baseunit b-money__baseunit_positive-value_true">269</span> <span class="uid-7310207234781654 b-money__comma b-money__comma_positive-value_true">,</span> <span data-test-ref="money-subunit" class="uid-7310207234781654 b-money__subunit b-money__subunit_positive-value_true">99</span> <span data-test-ref="currency" class="b-money__currency uid-7310207234781654">₽</span> <div class="b-money__line uid-7310207234781654"></div></div></div></div> <div class="b-srch-card__item b-srch-card__info uid-865222125345563"><span>300&nbsp;г&nbsp;• 499,97&nbsp;₽/кг</span></div> <!----><!----></div><!----></div></div> <!----><!----> <!----></div><div><div class="b-srch-card__ads uid-865222125345563 p-srch-retailer__card-ads" data-ads-slot="true" data-ads-offset="9"></div></div></div><div data-analytics-marker="b-srch-card" data-test-ref="b-srch-card" data-render-counter="2" class="b-srch-card b-srch-card_view_default b-srch-card_retailer-icon_true b-srch-card_with-date_false b-srch-card_with-toggle_false b-srch-card_size_l b-srch-card_with-like_false b-srch-card_liked_false i-block-helper uid-39284921600115186 b-virtual-scroll__option-el p-srch-retailer__card" data-analytics-id="21" data-analytics-path="DiscountCard"><div class="b-srch-card__container uid-39284921600115186 b-srch-card__container b-srch-card__container_stage_srch uid-39284921600115186"><!----> <div class="b-srch-card__content uid-39284921600115186 b-srch-card__show b-srch-card__show_date_true b-srch-card__retailer b-srch-card__retailer_name_false b-srch-card__retailer_hide_true uid-39284921600115186"><div class="b-srch-card__img"><img loading="lazy" src="https://leonardo.edadeal.io/dyn/cr/catalyst/offers/mvefiuxcfazgtzhlbx776s5v5e.jpg" class="b-srch-card__main-img uid-39284921600115186"> <!----> <!----></div> <div class="b-srch-card__card uid-39284921600115186"><header><div class="b-srch-card__head uid-39284921600115186"><div class="b-srch-card__date-container"><time class="b-srch-card__date uid-39284921600115186 b-srch-card__date b-srch-card__date_feature_false uid-39284921600115186">По 31 авг.</time></div> <!----></div> <div class="b-srch-card__item b-srch-card__title uid-39284921600115186">Конфеты Птичье Молоко, РотФронт, 225 г</div></header> <div class="b-srch-card__body uid-39284921600115186"><div class="b-srch-card__item"><div data-render-counter="2" class=" b-srch-card__price-new b-money b-money_size_s b-money_redesign_false b-money_currency-position_after i-block-helper uid-2028756416037003 uid-39284921600115186"><div class="b-money__root-wrapper uid-2028756416037003"><span data-test-ref="money-base" class="uid-2028756416037003 b-money__baseunit b-money__baseunit_positive-value_true">114</span> <span class="uid-2028756416037003 b-money__comma b-money__comma_positive-value_true">,</span> <span data-test-ref="money-subunit" class="uid-2028756416037003 b-money__subunit b-money__subunit_positive-value_true">99</span> <span data-test-ref="currency" class="b-money__currency uid-2028756416037003">₽</span> <div class="b-money__line uid-2028756416037003"></div></div></div> <div data-render-counter="2" class=" b-srch-card__discount-label b-content-renderer b-content-renderer_direction_column b-content-renderer_space_xl i-block-helper uid-5309782543748083"><div class="b-content-renderer__element uid-5309782543748083"><div data-render-counter="2" class="b-tpl-discount-label b-tpl-discount-label_space_xl i-block-helper uid-5309782543748083"><div class="b-tpl-discount-label__label b-tpl-discount-label__label_exterior_plain">−48% <div class="b-tpl-discount-label__label b-tpl-discount-label__label_display-corner_false"></div></div></div> <!----></div></div><div data-render-counter="2" class=" b-srch-card__price-old b-money b-money_line-through_true b-money_size_s b-money_redesign_false b-money_currency-position_after i-block-helper uid-5326674265618787 uid-39284921600115186"><div class="b-money__root-wrapper uid-5326674265618787"><span data-test-ref="money-base" class="uid-5326674265618787 b-money__baseunit b-money__baseunit_positive-value_true">218</span> <span class="uid-5326674265618787 b-money__comma b-money__comma_positive-value_true">,</span> <span data-test-ref="money-subunit" class="uid-5326674265618787 b-money__subunit b-money__subunit_positive-value_true">99</span> <span data-test-ref="currency" class="b-money__currency uid-5326674265618787">₽</span> <div class="b-money__line uid-5326674265618787"></div></div></div></div> <div class="b-srch-card__item b-srch-card__info uid-39284921600115186"><span>225&nbsp;г&nbsp;• 511,07&nbsp;₽/кг</span></div> <!----><!----></div><!----></div></div> <!----><!----> <!----></div><div><div class="b-srch-card__ads uid-39284921600115186 p-srch-retailer__card-ads" data-ads-slot="true" data-ads-offset="10"></div></div></div></div> <div class="b-virtual-scroll__tombstones uid-7879831670959037 p-srch-retailer__wall-tombstones" style="display: none;"><div class="b-virtual-scroll__tombstone uid-7879831670959037"><div data-skeleton-marker="true" class="b-skeleton__default b-skeleton__item b-skeleton__item_shape_rect b-skeleton__item_animation_m b-skeleton__item_size_s" style="width: 100vw; height: 160px; margin: 0px auto 2px; border-radius: 0px;"></div></div><div class="b-virtual-scroll__tombstone uid-7879831670959037"><div data-skeleton-marker="true" class="b-skeleton__default b-skeleton__item b-skeleton__item_shape_rect b-skeleton__item_animation_m b-skeleton__item_size_s" style="width: 100vw; height: 160px; margin: 0px auto 2px; border-radius: 0px;"></div></div><div class="b-virtual-scroll__tombstone uid-7879831670959037"><div data-skeleton-marker="true" class="b-skeleton__default b-skeleton__item b-skeleton__item_shape_rect b-skeleton__item_animation_m b-skeleton__item_size_s" style="width: 100vw; height: 160px; margin: 0px auto 2px; border-radius: 0px;"></div></div><div class="b-virtual-scroll__tombstone uid-7879831670959037"><div data-skeleton-marker="true" class="b-skeleton__default b-skeleton__item b-skeleton__item_shape_rect b-skeleton__item_animation_m b-skeleton__item_size_s" style="width: 100vw; height: 160px; margin: 0px auto 2px; border-radius: 0px;"></div></div></div><!----><!----><!----><!----><!----></div></div></div></section></div></div></div></div> <div undefined="" class="uid-15862845999470965 p-srch-retailer__blank-stub p-srch-retailer__blank-stub_source_main-feed"><div class="p-srch-retailer__blank-stub-content-wrap uid-15862845999470965"><div class="p-srch-retailer__blank-stub-main-content uid-15862845999470965"><!----> <h3 class="p-srch-retailer__blank-stub-title uid-15862845999470965">Каталог ещё не&nbsp;поступил</h3> <!----> <!----></div></div></div> <!----> <!----></main></div> <div class="navbar-placeholder"><div class="navbar-placeholder__body uid-692337115554549" style="transform: scaleY(56);"></div></div></div> <div data-render-counter="1" class="p-root__page-loader b-loader b-loader_size_m b-loader_animate-display_false i-block-helper uid-04212739387649567 uid-692337115554549 b-loader_opened_false"><div class="b-loader__container uid-04212739387649567"></div></div> <div> </div><div> <!----><div data-render-counter="1" class="b-fab b-fab_hidden_true i-block-helper uid-03410195570908603"><div data-render-counter="1" class="b-bottom-sticky i-block-helper uid-9762308957791199"><div class="b-bottom-sticky__float uid-9762308957791199" style="transform: translate(-50%, -56px); transition-duration: 0.3s;"></div></div> <div data-render-counter="1" class="b-file-barcode-parser i-block-helper uid-8307345090358895"><input type="file" accept="image/jpeg,image/png,image/gif" class="b-file-barcode-parser__file-input uid-8307345090358895"> <div class="b-file-barcode-parser__upload-progress uid-8307345090358895"></div></div></div></div><div>  <div data-render-counter="2" class="b-nav-panel b-nav-panel_position_bottom b-nav-panel_hidden_false b-nav-panel_hide-labels_false b-nav-panel_progress_false i-block-helper uid-4157362561254747"><ul class="b-nav-panel__wrapper uid-4157362561254747"><li class="b-nav-panel__item uid-4157362561254747"><button value="main" aria-selected="true" data-id="0" role="tab" class="g-hint g-hint_pos_bottom uid-4157362561254747 b-nav-panel__link b-nav-panel__link_id_0 b-nav-panel__link_active_true"><!----><span class="b-nav-panel__cell b-nav-panel__link-value uid-4157362561254747">Каталоги</span><img src="https://leonardo.edadeal.io/dyn/re/icons/tabbar/v1/catalogs-on.png" width="24" height="24" class="b-nav-panel__link-icon b-nav-panel__link-icon_exterior_selected uid-4157362561254747"> <img src="https://leonardo.edadeal.io/dyn/re/icons/tabbar/v1/catalogs-off.png" width="24" height="24" class="b-nav-panel__link-icon b-nav-panel__link-icon_exterior_normal uid-4157362561254747"> <!----></button></li><li class="b-nav-panel__item uid-4157362561254747"><button value="@edadeal/cb" data-id="1" role="tab" class="g-hint g-hint_pos_bottom uid-4157362561254747 b-nav-panel__link b-nav-panel__link_id_1 b-nav-panel__link_active_false"><!----><span class="b-nav-panel__cell b-nav-panel__link-value uid-4157362561254747">Кэшбэк</span><img src="https://leonardo.edadeal.io/dyn/re/icons/tabbar/v1/cashback-alt-on.png" width="24" height="24" class="b-nav-panel__link-icon b-nav-panel__link-icon_exterior_selected uid-4157362561254747"> <img src="https://leonardo.edadeal.io/dyn/re/icons/tabbar/v1/cashback-alt-off.png" width="24" height="24" class="b-nav-panel__link-icon b-nav-panel__link-icon_exterior_normal uid-4157362561254747"> <!----></button></li><li class="b-nav-panel__item uid-4157362561254747"><button value="@edadeal/coupons" data-id="2" role="tab" class="g-hint g-hint_pos_bottom uid-4157362561254747 b-nav-panel__link b-nav-panel__link_id_2 b-nav-panel__link_active_false"><!----><span class="b-nav-panel__cell b-nav-panel__link-value uid-4157362561254747">Купоны</span><img src="https://leonardo.edadeal.io/dyn/re/icons/tabbar/v1/coupons-on.png" width="24" height="24" class="b-nav-panel__link-icon b-nav-panel__link-icon_exterior_selected uid-4157362561254747"> <img src="https://leonardo.edadeal.io/dyn/re/icons/tabbar/v1/coupons-off.png" width="24" height="24" class="b-nav-panel__link-icon b-nav-panel__link-icon_exterior_normal uid-4157362561254747"> <!----></button></li><li class="b-nav-panel__item uid-4157362561254747"><button value="@edadeal/promo" data-id="3" role="tab" class="g-hint g-hint_pos_bottom uid-4157362561254747 b-nav-panel__link b-nav-panel__link_id_3 b-nav-panel__link_active_false"><!----><span class="b-nav-panel__cell b-nav-panel__link-value uid-4157362561254747">Розыгрыши</span><img src="https://leonardo.edadeal.io/dyn/re/icons/tabbar/v1/promo-on.png" width="24" height="24" class="b-nav-panel__link-icon b-nav-panel__link-icon_exterior_selected uid-4157362561254747"> <img src="https://leonardo.edadeal.io/dyn/re/icons/tabbar/v1/promo-off.png" width="24" height="24" class="b-nav-panel__link-icon b-nav-panel__link-icon_exterior_normal uid-4157362561254747"> <!----></button></li><li class="b-nav-panel__item uid-4157362561254747"><button value="@edadeal/lompakko" data-id="4" role="tab" class="g-hint g-hint_pos_bottom uid-4157362561254747 b-nav-panel__link b-nav-panel__link_id_4 b-nav-panel__link_active_false"><!----><span class="b-nav-panel__cell b-nav-panel__link-value uid-4157362561254747">Моё</span><img src="https://leonardo.edadeal.io/dyn/re/icons/tabbar/v1/profile-on-straight.png" width="24" height="24" class="b-nav-panel__link-icon b-nav-panel__link-icon_exterior_selected uid-4157362561254747"> <img src="https://leonardo.edadeal.io/dyn/re/icons/tabbar/v1/profile-off-straight.png" width="24" height="24" class="b-nav-panel__link-icon b-nav-panel__link-icon_exterior_normal uid-4157362561254747"> <!----></button></li></ul></div></div></div><div>  <!----><div data-render-counter="1" class="b-popover b-popover_opened_false i-block-helper uid-7101016800627789"><div class="b-popover__root-wrapper uid-7101016800627789"><div class="b-popover__before-text uid-7101016800627789"></div><!----><div class="b-popover__after-text uid-7101016800627789"></div></div><div data-popper-arrow="" class="b-popover__arrow uid-7101016800627789"></div></div></div><div data-render-counter="1" class="b-router i-block-helper uid-6385563539972507"></div> <div> <!----></div><div> <!----></div><div> <!----><div data-render-counter="1" class="b-modal i-block-helper uid-2928949793203868"><!----> <!----></div></div><div> <!----></div><div data-render-counter="1" class="b-remote-provider i-block-helper uid-9719796647032732"></div> <div data-render-counter="1" class="b-remote-provider i-block-helper uid-46639114456393216"></div></div> <iframe src="https://sso.passport.yandex.ru/pull?origin=https%3A%2F%2Fedadeal.ru%2Fsankt-peterburg%2Fretailers%2F5ka%3Fpage%3D3&amp;uuid=6c372932-41f8-4b0b-8d0e-1f7cd97120b5" style="position: absolute; left: -1000px; top: -1000px;"></iframe></body></html><html><head> <meta charset="utf-8"> <title>Каталог магазина "Пятёрочка" - Акции с 1 августа по 31 августа</title> <link crossorigin="use-credentials" rel="manifest" href="https://edadeal.ru/manifest.json"> <meta name="description" content="Скидки и акции в магазине &quot;Пятёрочка&quot; на сегодня в Санкт-Петербурге. Актуальный каталог скидок c 1&nbsp;августа по 31&nbsp;августа на сайте и в мобильном приложении. Узнайте, где покупать дешевле и экономьте до 50% уже сегодня c Едадил."> <meta name="viewport" content="width=device-width, initial-scale=1.0, viewport-fit=cover, user-scalable=yes"> <meta name="fragment" content="!">  <meta name="google-site-verification" content="5isjz1gObpPn7PREXwtlGeFu6h7rNcYIEvFU6hLeeNI"> <script type="text/javascript" nonce="" async="" src="https://mc.yandex.ru/metrika/watch.js"></script><script type="application/ld+json" nonce="">{ "@context": "http://schema.org", "@type": "WebSite", "name": "Едадил", "alternateName": "Edadeal", "url": "https://edadeal.ru" }</script> <meta name="theme-color" content="#27ae61"> <link rel="icon" type="image/png" sizes="32x32" href="https://yastatic.net/s3/edadeal-public-static/web/app/76e1987d134280/static/img/favicon-32x32.png"><link rel="icon" type="image/png" sizes="96x96" href="https://yastatic.net/s3/edadeal-public-static/web/app/76e1987d134280/static/img/favicon-96x96.png"><link rel="icon" type="image/png" sizes="16x16" href="https://yastatic.net/s3/edadeal-public-static/web/app/76e1987d134280/static/img/favicon-16x16.png"> <link rel="icon" href="https://yastatic.net/s3/edadeal-public-static/web/app/76e1987d134280/static/img/favicon.ico">  <meta property="og:url" content="https://edadeal.ru/sankt-peterburg/retailers/5ka?page=1"><meta property="og:watson" content="https://leonardo.edadeal.io/dyn/re/retailers/images/icons/sq/06c522eb34f54fed99665f69cb0794b7.png?res=l"><meta property="og:type" content="website"><meta property="og:site_name" content="Едадил"><meta property="og:title" content="Каталог магазина &quot;Пятёрочка&quot; - Акции с 1 августа по 31 августа"><meta property="og:image" content="https://yastatic.net/s3/edadeal-public-static/web/app/76e1987d134280/static/img/share_pic.png"><meta property="og:image:width" content="1200"><meta property="og:image:height" content="628"> <meta property="twitter:card" content="summary_large_image"><meta property="twitter:site" content="@edadeal_tw"><meta property="twitter:creator" content="@edadeal_tw"><meta property="twitter:title" content="Каталог магазина &quot;Пятёрочка&quot; - Акции с 1 августа по 31 августа"><meta property="twitter:description" content="Скидки и акции в магазине &quot;Пятёрочка&quot; на сегодня в Санкт-Петербурге. Актуальный каталог скидок c 1&nbsp;августа по 31&nbsp;августа на сайте и в мобильном приложении. Узнайте, где покупать дешевле и экономьте до 50% уже сегодня c Едадил."><meta property="twitter:image" content="https://yastatic.net/s3/edadeal-public-static/web/app/76e1987d134280/static/img/share_pic.png"> <link rel="canonical" href="https://edadeal.ru/sankt-peterburg/retailers/5ka"> <script type="text/javascript" nonce="">!function(n,i){if(n.Ya=n.Ya||{},Ya.Rum)throw new Error("Rum: interface is already defined");var e=n.performance,t=e&&e.timing&&e.timing.navigationStart||Ya.startPageLoad||+new Date,a=n.requestAnimationFrame,s=Ya.Rum={enabled:!!e,vsStart:document.visibilityState,vsChanged:!1,_defTimes:[],_defRes:[],_deltaMarks:{},_markListeners:{},_settings:{},_vars:{},init:function(n,i){s._settings=n,s._vars=i},getTime:e&&e.now?function(){return e.now()}:Date.now?function(){return Date.now()-t}:function(){return new Date-t},time:function(n){s._deltaMarks[n]=[s.getTime()]},timeEnd:function(n,i){var e=s._deltaMarks[n];e&&0!==e.length&&e.push(s.getTime(),i)},sendTimeMark:function(n,i,e,t){void 0===i&&(i=s.getTime()),s._defTimes.push([n,i,t]),s.mark(n,i)},sendDelta:function(n,i,e){var t=s._deltaMarks;if(!t[n]&&void 0!==i){var a=s.getTime();t[n]=[a-i,a,e]}},sendResTiming:function(n,i){s._defRes.push([n,i])},sendRaf:function(n){var i=s.getSetting("forcePaintTimeSending");if(a&&(i||!s.isVisibilityChanged())){var e="2616."+n;a(function(){!i&&s.isVisibilityChanged()||(s.getSetting("sendFirstRaf")&&s.sendTimeMark(e+".205"),a(function(){!i&&s.isVisibilityChanged()||s.sendTimeMark(e+".1928")}))})}},isVisibilityChanged:function(){return s.vsStart&&("visible"!==s.vsStart||s.vsChanged)},mark:e&&e.mark?function(n,i){e.mark(n+(i?": "+i:""))}:function(){},getSetting:function(n){var i=s._settings[n];return null===i?null:i||""},on:function(n,i){"function"==typeof i&&(s._markListeners[n]=s._markListeners[n]||[]).push(i)},sendTrafficData:function(){},finalizeLayoutShiftScore:function(){},finalizeLargestContentfulPaint:function(){},getLCPAdditionalParams:function(){}};document.addEventListener&&document.addEventListener("visibilitychange",function n(){Ya.Rum.vsChanged=!0,document.removeEventListener("visibilitychange",n)})}(window);</script><script type="text/javascript" nonce="">!function(){if(window.PerformanceLongTaskTiming){var e=function(e,n){return(e=e.concat(n)).length>300&&(e=e.slice(e.length-300)),e},n=Ya.Rum._tti={events:[],eventsAfterTTI:[],fired:!1,observer:new PerformanceObserver(function(r){var t=r.getEntries();n.events=e(n.events,t),n.fired&&(n.eventsAfterTTI=e(n.eventsAfterTTI,t))})};n.observer.observe({entryTypes:["longtask"]})}}();</script> <script type="text/javascript" nonce="">var GLOBAL_NONCE = "xd04VQUpx7s9Lg2zwmevyw==";</script> <script type="text/javascript" nonce="">!function(e,t,a){(t[a]=t[a]||[]).push(function(){try{t.yaCounter=new Ya.Metrika({id:34675050,clickmap:!0,trackLinks:!0,accurateTrackBounce:!0,webvisor:!0,trackHash:!0})}catch(e){}});var n=e.getElementsByTagName("script")[0],c=e.createElement("script"),r=function(){n.parentNode.insertBefore(c,n)};c.type="text/javascript","undefined"!=typeof GLOBAL_NONCE&&c.setAttribute("nonce",GLOBAL_NONCE),c.async=!0,c.src="https://mc.yandex.ru/metrika/watch.js","[object Opera]"==t.opera?e.addEventListener("DOMContentLoaded",r,!1):r()}(document,window,"yandex_metrika_callbacks");</script> <!--Global site tag (gtag.js) - AdWords: 942218954 --> <link rel="preconnect" href="https://yastatic.net"><link rel="preconnect" href="https://usr.edadeal.ru"><link rel="preconnect" href="https://api.edadeal.ru"><link rel="preconnect" href="https://teleport.edadeal.ru"><link rel="preconnect" href="https://susanin.edadeal.ru"> <script src="https://sso.edadeal.ru/st/js/v1/mda2.1.min.js" nonce=""></script> <script type="text/javascript" nonce="">var $M=document.documentElement.clientWidth<960;$M||document.write('<script type="text/javascript" nonce="xd04VQUpx7s9Lg2zwmevyw==" src="https://yastatic.net/pcode/adfox/loader.js" crossorigin="anonymous"><\/script><script type="text/javascript" nonce="xd04VQUpx7s9Lg2zwmevyw==">function gtag(){dataLayer.push(arguments)}window.dataLayer=window.dataLayer||[],gtag("js",new Date),gtag("config","AW-942218954");<\/script>'); </script><script type="text/javascript" nonce="" src="https://yastatic.net/pcode/adfox/loader.js" crossorigin="anonymous"></script><link rel="preconnect" href="https://yastatic.net/"><link rel="preconnect" href="https://avatars.mds.yandex.net/"><link rel="preconnect" href="https://mc.yandex.ru/"><link rel="preconnect" href="https://ads.adfox.ru"><script charset="utf-8" src="https://yastatic.net/partner-code-bundles/625533/b7414de3fe8d89054eed.js" crossorigin="anonymous" importance="high"></script><script charset="utf-8" src="https://yastatic.net/partner-code-bundles/625533/c62b59551ab7eb70d3b2.js" crossorigin="anonymous" importance="high"></script><script async="" crossorigin="anonymous" src="https://yastatic.net/safeframe-bundles/0.83/host.js"></script><script charset="utf-8" src="https://yastatic.net/partner-code-bundles/625533/6d399edff6d2a4ccf715.js" crossorigin="anonymous" importance="high"></script><script type="text/javascript" nonce="">function gtag(){dataLayer.push(arguments)}window.dataLayer=window.dataLayer||[],gtag("js",new Date),gtag("config","AW-942218954");</script> <script type="text/javascript" nonce="">var BUILD_ID="76e1987d134280",GLOBAL_NONCE="xd04VQUpx7s9Lg2zwmevyw==",MANIFEST={"p-coupons-redirect":["p-pages-redirect"],"p-retailer":["p-offers"],$:["libs.js","base"]},ENVIRONMENT="production",VERSION="4.10.0",BLENDER=!1,CLIENT_BASE_URL="https://yastatic.net/s3/edadeal-public-static/web/app/76e1987d134280/client",STATIC_PATH="https://yastatic.net/s3/edadeal-public-static/web/app/76e1987d134280/static",RTB_BLOCKS=$M?{offers:"R-I-338786-1",footer:"R-I-338786-2",offer:"R-I-338786-6",offer_top:"R-I-338786-146"}:{pagination:"R-I-338751-1",sidebar:"R-I-338751-2",offer:"R-I-338751-9",cashback:"R-I-338751-4",mainpage:"R-I-338751-6",sidebar_middle:"R-I-338751-5",offers_horizontal:"R-I-338751-7",offers_cards:"R-I-338751-8",cashbacks_horizontal:"R-I-338751-7",cashbacks_cards:"R-I-338751-8",sku:"R-I-338751-3"},RTB_PARAMS={},ANALYTICS={logInConsole:!1},COLLECTION_LOCAL_CACHE_ATTRS={nonce:"xd04VQUpx7s9Lg2zwmevyw=="},API_SSO="https://sso.edadeal.ru",API_WEB="https://squark.edadeal.ru/web/",API_CB="https://cb.edadeal.ru/v2/",API_KOBAL="https://kobal.edastage.ru",API_CPS="https://api.edadeal.ru/wallet/v2/",API_USR="https://usr.edadeal.ru/auth/v1/",API_BARCODE="https://barcode.edadeal.ru/barcode/v3/",API_CHERCHER="https://search.edadeal.io/api/v2";$M?(VERSION='289d362b134311',document.write('<script type="text/javascript" nonce="xd04VQUpx7s9Lg2zwmevyw==" crossorigin="" src="https://yastatic.net/s3/edadeal-public-static/frontend/touch/289d362b134311/ES2018/init.js"><\/script>')):function(e,t,a,s,r,i,c,p,o,d,l,n){for(t.$&&s.push.apply(s,t.$),t["p-retailer"]&&s.push.apply(s,t["p-retailer"]),s.push("p-retailer");e!==s.length;++e)-1!==(n=s[e]).indexOf(".")?-1!==n.indexOf(".css")?r.push(n):i.push(n):(r.push(n+".css"),i.push(n+".js"));p+=a,c+=a,document.write(p+r.join('">'+p)+'">'+c+i.join('"><\/script>'+c)+'"><\/script>')}(0,MANIFEST,CLIENT_BASE_URL+"/",[],[],[],'<script type="text/javascript" nonce="xd04VQUpx7s9Lg2zwmevyw==" crossorigin="" src="','<link rel="stylesheet" nonce="xd04VQUpx7s9Lg2zwmevyw==" href="'); </script><link rel="stylesheet" nonce="" href="https://yastatic.net/s3/edadeal-public-static/web/app/76e1987d134280/client/base.css"><link rel="stylesheet" nonce="" href="https://yastatic.net/s3/edadeal-public-static/web/app/76e1987d134280/client/p-offers.css"><link rel="stylesheet" nonce="" href="https://yastatic.net/s3/edadeal-public-static/web/app/76e1987d134280/client/p-retailer.css"><script type="text/javascript" nonce="" crossorigin="" src="https://yastatic.net/s3/edadeal-public-static/web/app/76e1987d134280/client/libs.js"></script><script type="text/javascript" nonce="" crossorigin="" src="https://yastatic.net/s3/edadeal-public-static/web/app/76e1987d134280/client/base.js"></script><script type="text/javascript" nonce="" crossorigin="" src="https://yastatic.net/s3/edadeal-public-static/web/app/76e1987d134280/client/p-offers.js"></script><script type="text/javascript" nonce="" crossorigin="" src="https://yastatic.net/s3/edadeal-public-static/web/app/76e1987d134280/client/p-retailer.js"></script>  <script type="text/javascript" async="" nonce="" src="https://an.yandex.ru/system/context.js"></script><style id="ysTextCssRule">@font-face {
        font-family: "YS Text Variable";
        src: url("https://yastatic.net/s3/home/fonts/ys/3/text-variable-full.woff2") format("woff2");
        font-weight: 400 700;
        font-display: optional;
    }</style><script charset="utf-8" src="https://yastatic.net/partner-code-bundles/625533/b8836b3f571f0cb774bb.js" crossorigin="anonymous" importance="high"></script><style type="text/css">.fjDgJL{width:100%;height:inherit;min-height:inherit;max-height:inherit}</style><style nonce="">#78c270a294{width:1px;height:1px;position:relative;}</style><style nonce="">#id251{width:1px;height:1px;top:0px;left:0px;position:absolute;}</style><style nonce="">#ya_partner_R-I-338751-2-6{width:100%;height:100%;position:relative;}</style><style nonce="">#id5079{width:100%;height:100%;top:0px;left:0px;position:absolute;}</style><script nonce="" src="blob:https://edadeal.ru/b19fed99-45bb-4a93-8fe5-a4001cb3809b"></script></head><body><svg xmlns="http://www.w3.org/2000/svg" xmlns:xlink="http://www.w3.org/1999/xlink" style="position: absolute; width: 0; height: 0" id="__SVG_SPRITE_NODE__"><symbol xmlns="http://www.w3.org/2000/svg" xmlns:xlink="http://www.w3.org/1999/xlink" viewBox="0 0 24 24" id="clear">
    <!-- Generator: Sketch 44.1 (41455) - http://www.bohemiancoding.com/sketch -->
    <title>icon/clear</title>
    <desc>Created with Sketch.</desc>
    <defs></defs>
    <g id="clear_Symbols" stroke="none" stroke-width="1" fill="none" fill-rule="evenodd">
        <g id="clear_icon/clear" fill="#BBBBBB">
            <path d="M18.3,5.7 L18.3,5.7 L18.3,5.7 C17.9134007,5.31340068 17.2865993,5.31340068 16.9,5.7 L12,10.6 L7.1,5.7 L7.1,5.7 C6.71340068,5.31340068 6.08659932,5.31340068 5.7,5.7 L5.7,5.7 L5.7,5.7 C5.31340068,6.08659932 5.31340068,6.71340068 5.7,7.1 L10.6,12 L5.7,16.9 L5.7,16.9 C5.31340068,17.2865993 5.31340068,17.9134007 5.7,18.3 L5.7,18.3 L5.7,18.3 C6.08659932,18.6865993 6.71340068,18.6865993 7.1,18.3 L12,13.4 L16.9,18.3 L16.9,18.3 C17.2865993,18.6865993 17.9134007,18.6865993 18.3,18.3 L18.3,18.3 L18.3,18.3 C18.6865993,17.9134007 18.6865993,17.2865993 18.3,16.9 L13.4,12 L18.3,7.1 L18.3,7.1 C18.6865993,6.71340068 18.6865993,6.08659932 18.3,5.7 Z" id="clear_Shape" fill="currentColor"></path>
        </g>
    </g>
</symbol></svg><div class="b-window b-window_disabled_false b-window_overlay_true b-window_fit_standard b-window_hidden_true"><div class="b-window__root"><div class="b-window__overlay"></div> <!----></div></div><div class="b-window b-window_disabled_false b-window_overlay_true b-window_fit_standard b-window_hidden_true"><div class="b-window__root"><div class="b-window__overlay"></div> <!----></div></div><div class="b-window b-window_disabled_false b-window_overlay_true b-window_fit_standard b-window_hidden_true"><div class="b-window__root"><div class="b-window__overlay"></div> <!----></div></div><div class="b-window b-window_disabled_false b-window_overlay_true b-window_fit_standard b-window_hidden_true"><div class="b-window__root"><div class="b-window__overlay"></div> <!----></div></div>  <script type="text/javascript" nonce="">"function"==typeof $__RENDER_ROOT?$__RENDER_ROOT():document.write('<div id="root"></div>'); </script><div class="b-root b-root_disabled_false"><div class="b-root__root"><header class="b-header b-root__header b-header_disabled_false b-header_search-focused_false b-header_segments-opened_false b-header_can-show-suggest_false"><span class="b-header__root"><div class="b-header__wrapper"><div class="b-header__nav"><a href="/sankt-peterburg" class="b-header__logo"></a> <div class="b-header__sections"><a href="/sankt-peterburg/offers" class="b-header__section">Скидки</a> <a href="https://edadeal.ru/cashbacks" class="b-header__section b-header__section_active_false">Кэшбэк</a> <a href="http://coupons.edadeal.ru" class="b-header__section">Купоны</a> <a href="/sankt-peterburg/retailers" class="b-header__section b-header__section_active_true">Магазины</a></div></div> <div class="b-header__search-cell"><form class="b-header__search-wrapper b-header__search-wrapper_has-value_false"><div class="b-header__search-input-wrapper b-header__search-input-wrapper_has-value_false"><div class="b-header__search-input-container"><div class="b-header__search-input-hint" style="display: none;"><span></span></div> <input placeholder="Поиск акций и торговых сетей" class="b-header__search-input"></div></div> <button type="submit" class="b-header__search-button">Найти</button></form></div> <div class="b-header__controls"><div class="b-header__location-cell"><button aria-label="Выбрать город" class="b-header__location-chooser">город Санкт-Петербург</button></div> <!----> <div class="b-auth b-header__auth b-auth_disabled_false"><div class="b-auth__root"><button type="button" class="b-auth__login">Войти</button></div></div> <!----></div></div></span> <div class="b-header__suggest-wrapper" style="display: none;"><div class="b-header__suggest-container"></div></div> <div class="b-header__segments-wrapper" style="display: none;"><div class="b-header__segments-container"><a href="/sankt-peterburg/offers?segment=food" class="b-header__segment"><div class="b-header__segment-logo"><img src="https://yastatic.net/s3/edadeal-public-static/segments/svg/flat/seg_1.svg"></div> <div class="b-header__segment-title">Продукты</div></a><a href="/sankt-peterburg/offers?segment=alcohol" class="b-header__segment"><div class="b-header__segment-logo"><img src="https://yastatic.net/s3/edadeal-public-static/segments/svg/flat/seg_149.svg"></div> <div class="b-header__segment-title">Алкоголь</div></a><a href="/sankt-peterburg/offers?segment=home-stuff" class="b-header__segment"><div class="b-header__segment-logo"><img src="https://yastatic.net/s3/edadeal-public-static/segments/svg/flat/seg_248.svg"></div> <div class="b-header__segment-title">Для дома</div></a><a href="/sankt-peterburg/offers?segment=cosmetics-hygiene" class="b-header__segment"><div class="b-header__segment-logo"><img src="https://yastatic.net/s3/edadeal-public-static/segments/svg/flat/seg_296.svg"></div> <div class="b-header__segment-title">Косметика и&nbsp;гигиена</div></a><a href="/sankt-peterburg/offers?segment=for-kids" class="b-header__segment"><div class="b-header__segment-logo"><img src="https://yastatic.net/s3/edadeal-public-static/segments/svg/flat/seg_178.svg"></div> <div class="b-header__segment-title">Для детей</div></a><a href="/sankt-peterburg/offers?segment=pet-supplies" class="b-header__segment"><div class="b-header__segment-logo"><img src="https://yastatic.net/s3/edadeal-public-static/segments/svg/flat/seg_379.svg"></div> <div class="b-header__segment-title">Зоотовары</div></a><a href="/sankt-peterburg/offers?segment=stationery" class="b-header__segment"><div class="b-header__segment-logo"><img src="https://yastatic.net/s3/edadeal-public-static/segments/svg/flat/seg_384.svg"></div> <div class="b-header__segment-title">Канцтовары</div></a><a href="/sankt-peterburg/offers?segment=mkt-auto-470" class="b-header__segment"><div class="b-header__segment-logo"><img src="https://yastatic.net/s3/edadeal-public-static/segments/svg/flat/seg_470.svg"></div> <div class="b-header__segment-title">Авто</div></a><a href="/sankt-peterburg/offers?segment=mkt-leisure-and-entertainment-474" class="b-header__segment"><div class="b-header__segment-logo"><img src="https://yastatic.net/s3/edadeal-public-static/segments/svg/flat/seg_474.svg"></div> <div class="b-header__segment-title">Досуг и&nbsp;развлечения</div></a><a href="/sankt-peterburg/offers?segment=mkt-books-476" class="b-header__segment"><div class="b-header__segment-logo"><img src="https://yastatic.net/s3/edadeal-public-static/segments/svg/flat/seg_476.svg"></div> <div class="b-header__segment-title">Книги</div></a><a href="/sankt-peterburg/offers?segment=mkt-computers-477" class="b-header__segment"><div class="b-header__segment-logo"><img src="https://yastatic.net/s3/edadeal-public-static/segments/svg/flat/seg_477.svg"></div> <div class="b-header__segment-title">Компьютерная техника</div></a><a href="/sankt-peterburg/offers?segment=mkt-activities-481" class="b-header__segment"><div class="b-header__segment-logo"><img src="https://yastatic.net/s3/edadeal-public-static/segments/svg/flat/seg_481.svg"></div> <div class="b-header__segment-title">Спорт и&nbsp;отдых</div></a><a href="/sankt-peterburg/offers?segment=mkt-construction-and-repair-482" class="b-header__segment"><div class="b-header__segment-logo"><img src="https://yastatic.net/s3/edadeal-public-static/segments/svg/flat/seg_482.svg"></div> <div class="b-header__segment-title">Строительство и&nbsp;ремонт</div></a><a href="/sankt-peterburg/offers?segment=mkt-equipment-484" class="b-header__segment"><div class="b-header__segment-logo"><img src="https://yastatic.net/s3/edadeal-public-static/segments/svg/flat/seg_484.svg"></div> <div class="b-header__segment-title">Оборудование</div></a><a href="/sankt-peterburg/offers?segment=mkt-flowers-769" class="b-header__segment"><div class="b-header__segment-logo"><img src="https://yastatic.net/s3/edadeal-public-static/segments/svg/flat/seg_769.svg"></div> <div class="b-header__segment-title">Цветы, букеты, композиции</div></a><a href="/sankt-peterburg/offers?segment=mkt-summer-residence-garden-and-kitchen-garden-953" class="b-header__segment"><div class="b-header__segment-logo"><img src="https://yastatic.net/s3/edadeal-public-static/segments/svg/flat/seg_953.svg"></div> <div class="b-header__segment-title">Дача, сад и&nbsp;огород</div></a><a href="/sankt-peterburg/offers?segment=mkt-household-appliances-1076" class="b-header__segment"><div class="b-header__segment-logo"><img src="https://yastatic.net/s3/edadeal-public-static/segments/svg/flat/seg_1076.svg"></div> <div class="b-header__segment-title">Бытовая техника</div></a><a href="/sankt-peterburg/offers?segment=mkt-electronic-1077" class="b-header__segment"><div class="b-header__segment-logo"><img src="https://yastatic.net/s3/edadeal-public-static/segments/svg/flat/seg_1077.svg"></div> <div class="b-header__segment-title">Электроника</div></a><a href="/sankt-peterburg/offers?segment=mkt-clothes-shoes-and-accessories-1790" class="b-header__segment"><div class="b-header__segment-logo"><img src="https://yastatic.net/s3/edadeal-public-static/segments/svg/flat/seg_1790.svg"></div> <div class="b-header__segment-title">Одежда, обувь и&nbsp;аксессуары</div></a><a href="/sankt-peterburg/offers?segment=mkt-pharmacy-1846" class="b-header__segment"><div class="b-header__segment-logo"><img src="https://yastatic.net/s3/edadeal-public-static/segments/svg/flat/seg_1846.svg"></div> <div class="b-header__segment-title">Товары для здоровья</div></a></div></div></header> <div id="view" class="b-root__view"><div class="p-retailer p-retailer_mode_default p-retailer_view_default p-retailer_fetching-offers_false" locationuuid="sankt-peterburg"><div id="id-230" class="p-retailer__heading" style="min-height: 180px;"><div id="yandex_rtb_2996004860" class="fjDgJL yandex_rtb_R-I-338751-10"><div></div></div></div> <div class="p-retailer__container"><div class="b-button b-button_disabled_false b-button_theme_blank b-button_shape_default b-button_size_m b-button_justify_start b-button_selected_false"><a href="/sankt-peterburg/retailers" class="b-button__root b-button__root_active_true"><!----> <div class="b-button__content">← К&nbsp;списку сетей  </div> <!----></a></div></div><div class="p-retailer__header"><h1>Скидки магазина «Пятёрочка»</h1> <!----></div><!----> <div class="p-retailer__container"><div class="p-retailer__base-column"><!----> <div class="p-retailer__representation"><div class="p-retailer__sort"><div class="p-retailer__sort-title">Сортировка:</div> <div class="b-button b-button_disabled_false b-button_theme_light b-button_shape_default b-button_size_s b-button_justify_start b-button_selected_true p-retailer__hor-button"><div tabindex="1" class="b-button__root"><!----> <div class="b-button__content">по&nbsp;умолчанию </div> <!----></div></div> <div class="b-button b-button_disabled_false b-button_theme_light b-button_shape_default b-button_size_s b-button_justify_start b-button_selected_false p-retailer__hor-button"><div tabindex="1" class="b-button__root"><!----> <div class="b-button__content">по&nbsp;цене  </div> <!----></div></div> <div class="b-button b-button_disabled_false b-button_theme_light b-button_shape_default b-button_size_s b-button_justify_start b-button_selected_false p-retailer__hor-button"><div tabindex="1" class="b-button__root"><!----> <div class="b-button__content">по&nbsp;скидке  </div> <!----></div></div></div><div class="b-offers-view b-offers-view_disabled_false"><div class="b-offers-view__root"><div class="b-offers-view__view-switchers"><div class="b-offers-view__view-switcher b-offers-view__view-switcher_type_line b-offers-view__view-switcher_current_false"></div><div class="b-offers-view__view-switcher b-offers-view__view-switcher_type_default b-offers-view__view-switcher_current_true"></div></div></div></div></div> <!----> <!----> <div class="p-retailer__offers-container"><div class="b-loader p-retailer__loader b-loader_disabled_false b-loader_size_m b-loader_show_false b-loader_deffer-hiding_true"><div class="b-loader__root"><div class="b-loader__container"></div></div></div> <div class="p-retailer__offers"><!----><a href="/sankt-peterburg/offers/d1470e57-6e96-55b6-b2e2-688a331f8c62?from=%2Fsankt-peterburg%2Fretailers%2F5ka%3Fpage%3D1" class="p-retailer__offer"><div class="b-offer b-offer_disabled_false b-offer_view_default b-offer_is-outdated_false b-offer_is-recipe-drug_false b-offer_is-added-to-cart_false"><!----> <div class="b-offer__root"><div class="b-offer__header"><div class="b-image b-image_disabled_false b-image_cap_s b-image_img_vert b-image_loaded_true b-offer__preview"><div class="b-image__root"><div class="b-image__cap b-image__cap_loading_false"><!----></div><img src="https://leonardo.edadeal.io/dyn/cr/catalyst/offers/pi2zznaa26dklpqtnznm6txa7a.jpg" alt="Порошок для посудомоечных машин Finish Power Powder, 1 кг со скидкой" class="b-image__img" style=""></div></div> <div class="b-offer__offer-info"><div class="b-offer__badge">-49%</div> <div class="b-offer__dates">По&nbsp;31&nbsp;августа <div title="Пятёрочка" class="b-image b-image_disabled_false b-image_cap_f b-image_img_vert b-image_loaded_true b-offer__retailer-icon"><div class="b-image__root"><div class="b-image__cap b-image__cap_loading_false"><!----></div><img src="https://leonardo.edadeal.io/dyn/re/retailers/images/icons/sq/06c522eb34f54fed99665f69cb0794b7.png" alt="Пятёрочка" class="b-image__img" style=""></div></div></div></div></div> <div class="b-offer__product-info"><div title="" class="b-offer__description">Порошок для посудомоечных машин Finish Power Powder, 1&nbsp;кг</div> <div class="b-offer__quantity"><!----> 1 кг / 299,99 ₽ за кг</div></div> <div class="b-offer__footer"><div class="b-offer__prices"><div title="299,99 ₽" class="b-offer__price-new">299,99 ₽</div> <div title="579,99 ₽" class="b-offer__price-old">579,99 ₽</div> <!----></div> <!----></div></div></div></a><!----><a href="/sankt-peterburg/offers/0ddcbaa5-4acb-5450-b2ac-31f7d2796ad3?from=%2Fsankt-peterburg%2Fretailers%2F5ka%3Fpage%3D1" class="p-retailer__offer"><div class="b-offer b-offer_disabled_false b-offer_view_default b-offer_is-outdated_false b-offer_is-recipe-drug_false b-offer_is-added-to-cart_false"><!----> <div class="b-offer__root"><div class="b-offer__header"><div class="b-image b-image_disabled_false b-image_cap_s b-image_img_vert b-image_loaded_true b-offer__preview"><div class="b-image__root"><div class="b-image__cap b-image__cap_loading_false"><!----></div><img src="https://leonardo.edadeal.io/dyn/cr/catalyst/offers/z3lt2ch4lcezsuqbdl2bmoctpm.jpg" alt="Приправа Kotanyi, смесь перцев, дробленая, 12 г со скидкой" class="b-image__img" style=""></div></div> <div class="b-offer__offer-info"><div class="b-offer__badge">-47%</div> <div class="b-offer__dates">По&nbsp;8&nbsp;августа <div title="Пятёрочка" class="b-image b-image_disabled_false b-image_cap_f b-image_img_vert b-image_loaded_true b-offer__retailer-icon"><div class="b-image__root"><div class="b-image__cap b-image__cap_loading_false"><!----></div><img src="https://leonardo.edadeal.io/dyn/re/retailers/images/icons/sq/06c522eb34f54fed99665f69cb0794b7.png" alt="Пятёрочка" class="b-image__img" style=""></div></div></div></div></div> <div class="b-offer__product-info"><div title="" class="b-offer__description">Приправа Kotanyi, смесь перцев, дробленая, 12&nbsp;г</div> <div class="b-offer__quantity"><!----> 12 г / 3&nbsp;332,50 ₽ за кг</div></div> <div class="b-offer__footer"><div class="b-offer__prices"><div title="39,99 ₽" class="b-offer__price-new">39,99 ₽</div> <div title="74,99 ₽" class="b-offer__price-old">74,99 ₽</div> <!----></div> <!----></div></div></div></a><!----><a href="/sankt-peterburg/offers/c5fab2a3-b13b-5fa3-9235-3a5d787ee67b?from=%2Fsankt-peterburg%2Fretailers%2F5ka%3Fpage%3D1" class="p-retailer__offer"><div class="b-offer b-offer_disabled_false b-offer_view_default b-offer_is-outdated_false b-offer_is-recipe-drug_false b-offer_is-added-to-cart_false"><!----> <div class="b-offer__root"><div class="b-offer__header"><div class="b-image b-image_disabled_false b-image_cap_s b-image_img_vert b-image_loaded_true b-offer__preview"><div class="b-image__root"><div class="b-image__cap b-image__cap_loading_false"><!----></div><img src="https://leonardo.edadeal.io/dyn/cr/catalyst/offers/2vtaaublsj53pa7en2knc2ht3u.jpg" alt="Ватрушка Творожное наслаждение, Каравай, 220 г *Цена указана за 1 шт. при покупке 2 шт. одновременно**Предложение действительно только для магазинов г. Санкт-Петербург и Ленинградской обл. со скидкой" class="b-image__img" style=""></div></div> <div class="b-offer__offer-info"><div class="b-offer__badge">1+1</div> <div class="b-offer__dates">По&nbsp;8&nbsp;августа <div title="Пятёрочка" class="b-image b-image_disabled_false b-image_cap_f b-image_img_vert b-image_loaded_true b-offer__retailer-icon"><div class="b-image__root"><div class="b-image__cap b-image__cap_loading_false"><!----></div><img src="https://leonardo.edadeal.io/dyn/re/retailers/images/icons/sq/06c522eb34f54fed99665f69cb0794b7.png" alt="Пятёрочка" class="b-image__img" style=""></div></div></div></div></div> <div class="b-offer__product-info"><div title="" class="b-offer__description">Ватрушка Творожное наслаждение, Каравай, 220&nbsp;г</div> <div class="b-offer__quantity"><!----> 220 г / 295,41 ₽ за кг</div></div> <div class="b-offer__footer"><div class="b-offer__prices"><div title="64,99 ₽" class="b-offer__price-new">64,99 ₽</div> <div title="129,98 ₽" class="b-offer__price-old">129,98 ₽</div> <!----></div> <!----></div></div></div></a><!----><a href="/sankt-peterburg/offers/60644637-4035-58a8-adb3-dfda9b75deb5?from=%2Fsankt-peterburg%2Fretailers%2F5ka%3Fpage%3D1" class="p-retailer__offer"><div class="b-offer b-offer_disabled_false b-offer_view_default b-offer_is-outdated_false b-offer_is-recipe-drug_false b-offer_is-added-to-cart_false"><!----> <div class="b-offer__root"><div class="b-offer__header"><div class="b-image b-image_disabled_false b-image_cap_s b-image_img_vert b-image_loaded_true b-offer__preview"><div class="b-image__root"><div class="b-image__cap b-image__cap_loading_false"><!----></div><img src="https://leonardo.edadeal.io/dyn/cr/catalyst/offers/yl4d7tjjt52yfmert5gqdxgt6e.jpg" alt="Креветки Королевские 50/70, неразделанные, варено-мороженые, Vici, 450 г со скидкой" class="b-image__img" style=""></div></div> <div class="b-offer__offer-info"><div class="b-offer__badge">-37%</div> <div class="b-offer__dates">По&nbsp;8&nbsp;августа <div title="Пятёрочка" class="b-image b-image_disabled_false b-image_cap_f b-image_img_vert b-image_loaded_true b-offer__retailer-icon"><div class="b-image__root"><div class="b-image__cap b-image__cap_loading_false"><!----></div><img src="https://leonardo.edadeal.io/dyn/re/retailers/images/icons/sq/06c522eb34f54fed99665f69cb0794b7.png" alt="Пятёрочка" class="b-image__img" style=""></div></div></div></div></div> <div class="b-offer__product-info"><div title="Креветки Королевские 50/70, неразделанные, варено-мороженые, Vici, 450 г" class="b-offer__description">Креветки Королевские 50/70, неразделанные, варено-мороженые,…</div> <div class="b-offer__quantity"><!----> 450 г / 666,64 ₽ за кг</div></div> <div class="b-offer__footer"><div class="b-offer__prices"><div title="299,99 ₽" class="b-offer__price-new">299,99 ₽</div> <div title="469,99 ₽" class="b-offer__price-old">469,99 ₽</div> <!----></div> <!----></div></div></div></a><!----><a href="/sankt-peterburg/offers/7dac812d-6530-537d-8481-1d41eb5c44a8?from=%2Fsankt-peterburg%2Fretailers%2F5ka%3Fpage%3D1" class="p-retailer__offer"><div class="b-offer b-offer_disabled_false b-offer_view_default b-offer_is-outdated_false b-offer_is-recipe-drug_false b-offer_is-added-to-cart_false"><!----> <div class="b-offer__root"><div class="b-offer__header"><div class="b-image b-image_disabled_false b-image_cap_s b-image_img_vert b-image_loaded_true b-offer__preview"><div class="b-image__root"><div class="b-image__cap b-image__cap_loading_false"><!----></div><img src="https://leonardo.edadeal.io/dyn/cr/catalyst/offers/7f73in4lklp7eatcaymiecgmtu.jpg" alt="Кекс творожный, Аладушкин, 400 г со скидкой" class="b-image__img" style=""></div></div> <div class="b-offer__offer-info"><div class="b-offer__badge">-50%</div> <div class="b-offer__dates">По&nbsp;8&nbsp;августа <div title="Пятёрочка" class="b-image b-image_disabled_false b-image_cap_f b-image_img_vert b-image_loaded_true b-offer__retailer-icon"><div class="b-image__root"><div class="b-image__cap b-image__cap_loading_false"><!----></div><img src="https://leonardo.edadeal.io/dyn/re/retailers/images/icons/sq/06c522eb34f54fed99665f69cb0794b7.png" alt="Пятёрочка" class="b-image__img" style=""></div></div></div></div></div> <div class="b-offer__product-info"><div title="" class="b-offer__description">Кекс творожный, Аладушкин, 400&nbsp;г</div> <div class="b-offer__quantity"><!----> 400 г / 249,97 ₽ за кг</div></div> <div class="b-offer__footer"><div class="b-offer__prices"><div title="99,99 ₽" class="b-offer__price-new">99,99 ₽</div> <div title="199,98 ₽" class="b-offer__price-old">199,98 ₽</div> <!----></div> <!----></div></div></div></a><!----><a href="/sankt-peterburg/offers/8897b782-4a6b-586d-bf8a-ef615247748b?from=%2Fsankt-peterburg%2Fretailers%2F5ka%3Fpage%3D1" class="p-retailer__offer"><div class="b-offer b-offer_disabled_false b-offer_view_default b-offer_is-outdated_false b-offer_is-recipe-drug_false b-offer_is-added-to-cart_false"><!----> <div class="b-offer__root"><div class="b-offer__header"><div class="b-image b-image_disabled_false b-image_cap_s b-image_img_vert b-image_loaded_true b-offer__preview"><div class="b-image__root"><div class="b-image__cap b-image__cap_loading_false"><!----></div><img src="https://leonardo.edadeal.io/dyn/cr/catalyst/offers/socal6olg4cn2s74qgtvochzoy.jpg" alt="Ромовая баба, Аладушкин, 160 г со скидкой" class="b-image__img" style=""></div></div> <div class="b-offer__offer-info"><div class="b-offer__badge">1+1</div> <div class="b-offer__dates">По&nbsp;8&nbsp;августа <div title="Пятёрочка" class="b-image b-image_disabled_false b-image_cap_f b-image_img_vert b-image_loaded_true b-offer__retailer-icon"><div class="b-image__root"><div class="b-image__cap b-image__cap_loading_false"><!----></div><img src="https://leonardo.edadeal.io/dyn/re/retailers/images/icons/sq/06c522eb34f54fed99665f69cb0794b7.png" alt="Пятёрочка" class="b-image__img" style=""></div></div></div></div></div> <div class="b-offer__product-info"><div title="" class="b-offer__description">Ромовая баба, Аладушкин, 160&nbsp;г</div> <div class="b-offer__quantity"><!----> 160 г / 268,69 ₽ за кг</div></div> <div class="b-offer__footer"><div class="b-offer__prices"><div title="42,99 ₽" class="b-offer__price-new">42,99 ₽</div> <div title="85,98 ₽" class="b-offer__price-old">85,98 ₽</div> <!----></div> <!----></div></div></div></a><!----><a href="/sankt-peterburg/offers/7b7fde7d-5db0-51c2-af1a-3ad67ed38788?from=%2Fsankt-peterburg%2Fretailers%2F5ka%3Fpage%3D1" class="p-retailer__offer"><div class="b-offer b-offer_disabled_false b-offer_view_default b-offer_is-outdated_false b-offer_is-recipe-drug_false b-offer_is-added-to-cart_false"><!----> <div class="b-offer__root"><div class="b-offer__header"><div class="b-image b-image_disabled_false b-image_cap_s b-image_img_vert b-image_loaded_true b-offer__preview"><div class="b-image__root"><div class="b-image__cap b-image__cap_loading_false"><!----></div><img src="https://leonardo.edadeal.io/dyn/cr/catalyst/offers/7tuf547sdld7ke3rjtixfm34re.jpg" alt="Сервелат Зернистый, варено-копченый, Останкино, 420 г со скидкой" class="b-image__img" style=""></div></div> <div class="b-offer__offer-info"><div class="b-offer__badge">От&nbsp;2&nbsp;шт</div> <div class="b-offer__dates">По&nbsp;8&nbsp;августа <div title="Пятёрочка" class="b-image b-image_disabled_false b-image_cap_f b-image_img_vert b-image_loaded_true b-offer__retailer-icon"><div class="b-image__root"><div class="b-image__cap b-image__cap_loading_false"><!----></div><img src="https://leonardo.edadeal.io/dyn/re/retailers/images/icons/sq/06c522eb34f54fed99665f69cb0794b7.png" alt="Пятёрочка" class="b-image__img" style=""></div></div></div></div></div> <div class="b-offer__product-info"><div title="" class="b-offer__description">Сервелат Зернистый, варено-копченый, Останкино, 420&nbsp;г</div> <div class="b-offer__quantity"><!----> 420 г / 380,93 ₽ за кг</div></div> <div class="b-offer__footer"><div class="b-offer__prices"><div title="159,99 ₽" class="b-offer__price-new">159,99 ₽</div> <div title="343,99 ₽" class="b-offer__price-old">343,99 ₽</div> <!----></div> <!----></div></div></div></a><!----><a href="/sankt-peterburg/offers/ebf24b6e-0e22-501d-b9f0-1f2a953fb7e1?from=%2Fsankt-peterburg%2Fretailers%2F5ka%3Fpage%3D1" class="p-retailer__offer"><div class="b-offer b-offer_disabled_false b-offer_view_default b-offer_is-outdated_false b-offer_is-recipe-drug_false b-offer_is-added-to-cart_false"><!----> <div class="b-offer__root"><div class="b-offer__header"><div class="b-image b-image_disabled_false b-image_cap_s b-image_img_vert b-image_loaded_true b-offer__preview"><div class="b-image__root"><div class="b-image__cap b-image__cap_loading_false"><!----></div><img src="https://leonardo.edadeal.io/dyn/cr/catalyst/offers/kaunxecdmj2cpkxxacvfggqdaq.jpg" alt="Кукуруза сахарная Global Village, 425 мл со скидкой" class="b-image__img" style=""></div></div> <div class="b-offer__offer-info"><div class="b-offer__badge">-43%</div> <div class="b-offer__dates">По&nbsp;31&nbsp;августа <div title="Пятёрочка" class="b-image b-image_disabled_false b-image_cap_f b-image_img_vert b-image_loaded_true b-offer__retailer-icon"><div class="b-image__root"><div class="b-image__cap b-image__cap_loading_false"><!----></div><img src="https://leonardo.edadeal.io/dyn/re/retailers/images/icons/sq/06c522eb34f54fed99665f69cb0794b7.png" alt="Пятёрочка" class="b-image__img" style=""></div></div></div></div></div> <div class="b-offer__product-info"><div title="" class="b-offer__description">Кукуруза сахарная Global Village, 425&nbsp;мл</div> <div class="b-offer__quantity"><!----> 425 мл / 148,21 ₽ за л</div></div> <div class="b-offer__footer"><div class="b-offer__prices"><div title="62,99 ₽" class="b-offer__price-new">62,99 ₽</div> <div title="109,99 ₽" class="b-offer__price-old">109,99 ₽</div> <!----></div> <!----></div></div></div></a><div id="offers_cards_place" class="p-retailer__rtb-block p-retailer__rtb-block_type_offers_cards"><div id="rtb-R-I-338751-8-2-74e2091ac32a7" class="rtb-output-1e8a7e6b24bf6b"><div></div></div></div><a href="/sankt-peterburg/offers/73306d45-90b9-579c-bc87-6c144656bd61?from=%2Fsankt-peterburg%2Fretailers%2F5ka%3Fpage%3D1" class="p-retailer__offer"><div class="b-offer b-offer_disabled_false b-offer_view_default b-offer_is-outdated_false b-offer_is-recipe-drug_false b-offer_is-added-to-cart_false"><!----> <div class="b-offer__root"><div class="b-offer__header"><div class="b-image b-image_disabled_false b-image_cap_s b-image_img_vert b-image_loaded_true b-offer__preview"><div class="b-image__root"><div class="b-image__cap b-image__cap_loading_false"><!----></div><img src="https://leonardo.edadeal.io/dyn/cr/catalyst/offers/7sgjtsti76boli3aje3nqrqsk4.jpg" alt="Изделия макаронные Шебекинские, перья, 450 г со скидкой" class="b-image__img" style=""></div></div> <div class="b-offer__offer-info"><div class="b-offer__badge">-36%</div> <div class="b-offer__dates">По&nbsp;8&nbsp;августа <div title="Пятёрочка" class="b-image b-image_disabled_false b-image_cap_f b-image_img_vert b-image_loaded_true b-offer__retailer-icon"><div class="b-image__root"><div class="b-image__cap b-image__cap_loading_false"><!----></div><img src="https://leonardo.edadeal.io/dyn/re/retailers/images/icons/sq/06c522eb34f54fed99665f69cb0794b7.png" alt="Пятёрочка" class="b-image__img" style=""></div></div></div></div></div> <div class="b-offer__product-info"><div title="" class="b-offer__description">Изделия макаронные Шебекинские, перья, 450&nbsp;г</div> <div class="b-offer__quantity"><!----> 450 г / 110,89 ₽ за кг</div></div> <div class="b-offer__footer"><div class="b-offer__prices"><div title="49,90 ₽" class="b-offer__price-new">49,90 ₽</div> <div title="76,99 ₽" class="b-offer__price-old">76,99 ₽</div> <!----></div> <!----></div></div></div></a><!----><a href="/sankt-peterburg/offers/92ef4313-09d2-5b5b-a32f-59fccf2089e7?from=%2Fsankt-peterburg%2Fretailers%2F5ka%3Fpage%3D1" class="p-retailer__offer"><div class="b-offer b-offer_disabled_false b-offer_view_default b-offer_is-outdated_false b-offer_is-recipe-drug_false b-offer_is-added-to-cart_false"><!----> <div class="b-offer__root"><div class="b-offer__header"><div class="b-image b-image_disabled_false b-image_cap_s b-image_img_vert b-image_loaded_true b-offer__preview"><div class="b-image__root"><div class="b-image__cap b-image__cap_loading_false"><!----></div><img src="https://leonardo.edadeal.io/dyn/cr/catalyst/offers/qbd6px3gswsz6l4rarebxhm64i.jpg" alt="Изделия макаронные Шебекинские, улитки, 450 г со скидкой" class="b-image__img" style=""></div></div> <div class="b-offer__offer-info"><div class="b-offer__badge">-36%</div> <div class="b-offer__dates">По&nbsp;8&nbsp;августа <div title="Пятёрочка" class="b-image b-image_disabled_false b-image_cap_f b-image_img_vert b-image_loaded_true b-offer__retailer-icon"><div class="b-image__root"><div class="b-image__cap b-image__cap_loading_false"><!----></div><img src="https://leonardo.edadeal.io/dyn/re/retailers/images/icons/sq/06c522eb34f54fed99665f69cb0794b7.png" alt="Пятёрочка" class="b-image__img" style=""></div></div></div></div></div> <div class="b-offer__product-info"><div title="" class="b-offer__description">Изделия макаронные Шебекинские, улитки, 450&nbsp;г</div> <div class="b-offer__quantity"><!----> 450 г / 110,89 ₽ за кг</div></div> <div class="b-offer__footer"><div class="b-offer__prices"><div title="49,90 ₽" class="b-offer__price-new">49,90 ₽</div> <div title="76,99 ₽" class="b-offer__price-old">76,99 ₽</div> <!----></div> <!----></div></div></div></a><!----><a href="/sankt-peterburg/offers/d5803955-252a-5c97-b62e-aaa1b5824529?from=%2Fsankt-peterburg%2Fretailers%2F5ka%3Fpage%3D1" class="p-retailer__offer"><div class="b-offer b-offer_disabled_false b-offer_view_default b-offer_is-outdated_false b-offer_is-recipe-drug_false b-offer_is-added-to-cart_false"><!----> <div class="b-offer__root"><div class="b-offer__header"><div class="b-image b-image_disabled_false b-image_cap_s b-image_img_vert b-image_loaded_true b-offer__preview"><div class="b-image__root"><div class="b-image__cap b-image__cap_loading_false"><!----></div><img src="https://leonardo.edadeal.io/dyn/cr/catalyst/offers/xwi6fi7qjiha4kiroh5k2bqdlu.jpg" alt="Изделия макаронные Шебекинские, головоломки, 450 г со скидкой" class="b-image__img" style=""></div></div> <div class="b-offer__offer-info"><div class="b-offer__badge">-36%</div> <div class="b-offer__dates">По&nbsp;8&nbsp;августа <div title="Пятёрочка" class="b-image b-image_disabled_false b-image_cap_f b-image_img_vert b-image_loaded_true b-offer__retailer-icon"><div class="b-image__root"><div class="b-image__cap b-image__cap_loading_false"><!----></div><img src="https://leonardo.edadeal.io/dyn/re/retailers/images/icons/sq/06c522eb34f54fed99665f69cb0794b7.png" alt="Пятёрочка" class="b-image__img" style=""></div></div></div></div></div> <div class="b-offer__product-info"><div title="" class="b-offer__description">Изделия макаронные Шебекинские, головоломки, 450&nbsp;г</div> <div class="b-offer__quantity"><!----> 450 г / 110,89 ₽ за кг</div></div> <div class="b-offer__footer"><div class="b-offer__prices"><div title="49,90 ₽" class="b-offer__price-new">49,90 ₽</div> <div title="76,99 ₽" class="b-offer__price-old">76,99 ₽</div> <!----></div> <!----></div></div></div></a><!----><a href="/sankt-peterburg/offers/beae102b-ec08-5bfc-a4cb-2c36f9b3978d?from=%2Fsankt-peterburg%2Fretailers%2F5ka%3Fpage%3D1" class="p-retailer__offer"><div class="b-offer b-offer_disabled_false b-offer_view_default b-offer_is-outdated_false b-offer_is-recipe-drug_false b-offer_is-added-to-cart_false"><!----> <div class="b-offer__root"><div class="b-offer__header"><div class="b-image b-image_disabled_false b-image_cap_s b-image_img_vert b-image_loaded_true b-offer__preview"><div class="b-image__root"><div class="b-image__cap b-image__cap_loading_false"><!----></div><img src="https://leonardo.edadeal.io/dyn/cr/catalyst/offers/aiqbicl7cs3vpvmtgvts4vvbom.jpg" alt="Изделия макаронные Шебекинские, лапша лингвини, 450 г со скидкой" class="b-image__img" style=""></div></div> <div class="b-offer__offer-info"><div class="b-offer__badge">-36%</div> <div class="b-offer__dates">По&nbsp;8&nbsp;августа <div title="Пятёрочка" class="b-image b-image_disabled_false b-image_cap_f b-image_img_vert b-image_loaded_true b-offer__retailer-icon"><div class="b-image__root"><div class="b-image__cap b-image__cap_loading_false"><!----></div><img src="https://leonardo.edadeal.io/dyn/re/retailers/images/icons/sq/06c522eb34f54fed99665f69cb0794b7.png" alt="Пятёрочка" class="b-image__img" style=""></div></div></div></div></div> <div class="b-offer__product-info"><div title="" class="b-offer__description">Изделия макаронные Шебекинские, лапша лингвини, 450&nbsp;г</div> <div class="b-offer__quantity"><!----> 450 г / 110,89 ₽ за кг</div></div> <div class="b-offer__footer"><div class="b-offer__prices"><div title="49,90 ₽" class="b-offer__price-new">49,90 ₽</div> <div title="76,99 ₽" class="b-offer__price-old">76,99 ₽</div> <!----></div> <!----></div></div></div></a><!----><a href="/sankt-peterburg/offers/15af3640-e492-5a0d-a523-a6e202932a01?from=%2Fsankt-peterburg%2Fretailers%2F5ka%3Fpage%3D1" class="p-retailer__offer"><div class="b-offer b-offer_disabled_false b-offer_view_default b-offer_is-outdated_false b-offer_is-recipe-drug_false b-offer_is-added-to-cart_false"><!----> <div class="b-offer__root"><div class="b-offer__header"><div class="b-image b-image_disabled_false b-image_cap_s b-image_img_vert b-image_loaded_true b-offer__preview"><div class="b-image__root"><div class="b-image__cap b-image__cap_loading_false"><!----></div><img src="https://leonardo.edadeal.io/dyn/cr/catalyst/offers/ieawqg6upv4cbb6x6oe22k4gxy.jpg" alt="Фасоль Bonduelle, красная классическая, 425 мл со скидкой" class="b-image__img" style=""></div></div> <div class="b-offer__offer-info"><div class="b-offer__badge">-43%</div> <div class="b-offer__dates">По&nbsp;8&nbsp;августа <div title="Пятёрочка" class="b-image b-image_disabled_false b-image_cap_f b-image_img_vert b-image_loaded_true b-offer__retailer-icon"><div class="b-image__root"><div class="b-image__cap b-image__cap_loading_false"><!----></div><img src="https://leonardo.edadeal.io/dyn/re/retailers/images/icons/sq/06c522eb34f54fed99665f69cb0794b7.png" alt="Пятёрочка" class="b-image__img" style=""></div></div></div></div></div> <div class="b-offer__product-info"><div title="" class="b-offer__description">Фасоль Bonduelle, красная классическая, 425&nbsp;мл</div> <div class="b-offer__quantity"><!----> 425 мл / 188,21 ₽ за л</div></div> <div class="b-offer__footer"><div class="b-offer__prices"><div title="79,99 ₽" class="b-offer__price-new">79,99 ₽</div> <div title="139,99 ₽" class="b-offer__price-old">139,99 ₽</div> <!----></div> <!----></div></div></div></a><!----><a href="/sankt-peterburg/offers/91db393b-6bac-5529-9c5c-7c26b3f04ce1?from=%2Fsankt-peterburg%2Fretailers%2F5ka%3Fpage%3D1" class="p-retailer__offer"><div class="b-offer b-offer_disabled_false b-offer_view_default b-offer_is-outdated_false b-offer_is-recipe-drug_false b-offer_is-added-to-cart_false"><!----> <div class="b-offer__root"><div class="b-offer__header"><div class="b-image b-image_disabled_false b-image_cap_s b-image_img_vert b-image_loaded_true b-offer__preview"><div class="b-image__root"><div class="b-image__cap b-image__cap_loading_false"><!----></div><img src="https://leonardo.edadeal.io/dyn/cr/catalyst/offers/4hczvvp5xmcgk5yqxps22uk7ja.jpg" alt="Средства для мытья посуды AOS, бальзам, 450 г со скидкой" class="b-image__img" style=""></div></div> <div class="b-offer__offer-info"><div class="b-offer__badge">-41%</div> <div class="b-offer__dates">По&nbsp;8&nbsp;августа <div title="Пятёрочка" class="b-image b-image_disabled_false b-image_cap_f b-image_img_vert b-image_loaded_true b-offer__retailer-icon"><div class="b-image__root"><div class="b-image__cap b-image__cap_loading_false"><!----></div><img src="https://leonardo.edadeal.io/dyn/re/retailers/images/icons/sq/06c522eb34f54fed99665f69cb0794b7.png" alt="Пятёрочка" class="b-image__img" style=""></div></div></div></div></div> <div class="b-offer__product-info"><div title="" class="b-offer__description">Средства для мытья посуды AOS, бальзам, 450&nbsp;г</div> <div class="b-offer__quantity"><!----> 450 г / 199,98 ₽ за кг</div></div> <div class="b-offer__footer"><div class="b-offer__prices"><div title="89,99 ₽" class="b-offer__price-new">89,99 ₽</div> <div title="149,99 ₽" class="b-offer__price-old">149,99 ₽</div> <!----></div> <!----></div></div></div></a><!----><a href="/sankt-peterburg/offers/70cb0cc0-1e8f-5abe-897a-e6721703693e?from=%2Fsankt-peterburg%2Fretailers%2F5ka%3Fpage%3D1" class="p-retailer__offer"><div class="b-offer b-offer_disabled_false b-offer_view_default b-offer_is-outdated_false b-offer_is-recipe-drug_false b-offer_is-added-to-cart_false"><!----> <div class="b-offer__root"><div class="b-offer__header"><div class="b-image b-image_disabled_false b-image_cap_s b-image_img_vert b-image_loaded_true b-offer__preview"><div class="b-image__root"><div class="b-image__cap b-image__cap_loading_false"><!----></div><img src="https://leonardo.edadeal.io/dyn/cr/catalyst/offers/spi3o6cnbnqswepzmz2dy3seam.jpg" alt="Икра Царская, лососевая, имитированная, Европром, 220 г со скидкой" class="b-image__img" style=""></div></div> <div class="b-offer__offer-info"><div class="b-offer__badge">1+1</div> <div class="b-offer__dates">По&nbsp;31&nbsp;августа <div title="Пятёрочка" class="b-image b-image_disabled_false b-image_cap_f b-image_img_vert b-image_loaded_true b-offer__retailer-icon"><div class="b-image__root"><div class="b-image__cap b-image__cap_loading_false"><!----></div><img src="https://leonardo.edadeal.io/dyn/re/retailers/images/icons/sq/06c522eb34f54fed99665f69cb0794b7.png" alt="Пятёрочка" class="b-image__img" style=""></div></div></div></div></div> <div class="b-offer__product-info"><div title="" class="b-offer__description">Икра Царская, лососевая, имитированная, Европром, 220&nbsp;г</div> <div class="b-offer__quantity"><!----> 220 г / 272,68 ₽ за кг</div></div> <div class="b-offer__footer"><div class="b-offer__prices"><div title="59,99 ₽" class="b-offer__price-new">59,99 ₽</div> <div title="119,98 ₽" class="b-offer__price-old">119,98 ₽</div> <!----></div> <!----></div></div></div></a><!----><a href="/sankt-peterburg/offers/516d61e0-d854-571d-b99e-d17181b257ad?from=%2Fsankt-peterburg%2Fretailers%2F5ka%3Fpage%3D1" class="p-retailer__offer"><div class="b-offer b-offer_disabled_false b-offer_view_default b-offer_is-outdated_false b-offer_is-recipe-drug_false b-offer_is-added-to-cart_false"><!----> <div class="b-offer__root"><div class="b-offer__header"><div class="b-image b-image_disabled_false b-image_cap_s b-image_img_vert b-image_loaded_true b-offer__preview"><div class="b-image__root"><div class="b-image__cap b-image__cap_loading_false"><!----></div><img src="https://leonardo.edadeal.io/dyn/cr/catalyst/offers/4mt3evyj3u2wjgsfw47wqkaspa.jpg" alt="Сосиски Колбарики, Иней, 170 г со скидкой" class="b-image__img" style=""></div></div> <div class="b-offer__offer-info"><div class="b-offer__badge">От&nbsp;2&nbsp;шт</div> <div class="b-offer__dates">По&nbsp;31&nbsp;августа <div title="Пятёрочка" class="b-image b-image_disabled_false b-image_cap_f b-image_img_vert b-image_loaded_true b-offer__retailer-icon"><div class="b-image__root"><div class="b-image__cap b-image__cap_loading_false"><!----></div><img src="https://leonardo.edadeal.io/dyn/re/retailers/images/icons/sq/06c522eb34f54fed99665f69cb0794b7.png" alt="Пятёрочка" class="b-image__img" style=""></div></div></div></div></div> <div class="b-offer__product-info"><div title="" class="b-offer__description">Сосиски Колбарики, Иней, 170&nbsp;г</div> <div class="b-offer__quantity"><!----> 170 г / 529,35 ₽ за кг</div></div> <div class="b-offer__footer"><div class="b-offer__prices"><div title="89,99 ₽" class="b-offer__price-new">89,99 ₽</div> <div title="179,99 ₽" class="b-offer__price-old">179,99 ₽</div> <!----></div> <!----></div></div></div></a><div id="offers_cards_place" class="p-retailer__rtb-block p-retailer__rtb-block_type_offers_cards"><div id="rtb-R-I-338751-8-3-51c7e44ae4d1d" class="rtb-output-1e8a7e6b24bf6b"><div></div></div></div><a href="/sankt-peterburg/offers/4514b020-7308-5851-957c-761a942b6ba6?from=%2Fsankt-peterburg%2Fretailers%2F5ka%3Fpage%3D1" class="p-retailer__offer"><div class="b-offer b-offer_disabled_false b-offer_view_default b-offer_is-outdated_false b-offer_is-recipe-drug_false b-offer_is-added-to-cart_false"><!----> <div class="b-offer__root"><div class="b-offer__header"><div class="b-image b-image_disabled_false b-image_cap_s b-image_img_vert b-image_loaded_true b-offer__preview"><div class="b-image__root"><div class="b-image__cap b-image__cap_loading_false"><!----></div><img src="https://leonardo.edadeal.io/dyn/cr/catalyst/offers/7sjdz67de7vncks6uqprmvd32i.jpg" alt="Чипсы картофельные Turbo Diesel, со вкусом краба, 75 г со скидкой" class="b-image__img" style=""></div></div> <div class="b-offer__offer-info"><div class="b-offer__badge">-51%</div> <div class="b-offer__dates">По&nbsp;8&nbsp;августа <div title="Пятёрочка" class="b-image b-image_disabled_false b-image_cap_f b-image_img_vert b-image_loaded_true b-offer__retailer-icon"><div class="b-image__root"><div class="b-image__cap b-image__cap_loading_false"><!----></div><img src="https://leonardo.edadeal.io/dyn/re/retailers/images/icons/sq/06c522eb34f54fed99665f69cb0794b7.png" alt="Пятёрочка" class="b-image__img" style=""></div></div></div></div></div> <div class="b-offer__product-info"><div title="" class="b-offer__description">Чипсы картофельные Turbo Diesel, со&nbsp;вкусом краба, 75&nbsp;г</div> <div class="b-offer__quantity"><!----> 75 г / 533,20 ₽ за кг</div></div> <div class="b-offer__footer"><div class="b-offer__prices"><div title="39,99 ₽" class="b-offer__price-new">39,99 ₽</div> <div title="79,99 ₽" class="b-offer__price-old">79,99 ₽</div> <!----></div> <!----></div></div></div></a><!----><a href="/sankt-peterburg/offers/e6bcef68-12ef-5cf5-889e-1aa62715c5ca?from=%2Fsankt-peterburg%2Fretailers%2F5ka%3Fpage%3D1" class="p-retailer__offer"><div class="b-offer b-offer_disabled_false b-offer_view_default b-offer_is-outdated_false b-offer_is-recipe-drug_false b-offer_is-added-to-cart_false"><!----> <div class="b-offer__root"><div class="b-offer__header"><div class="b-image b-image_disabled_false b-image_cap_s b-image_img_vert b-image_loaded_true b-offer__preview"><div class="b-image__root"><div class="b-image__cap b-image__cap_loading_false"><!----></div><img src="https://leonardo.edadeal.io/dyn/cr/catalyst/offers/sndgiusf2z72lkd7qfh7y5cqae.jpg" alt="Чипсы картофельные Turbo Diesel, со вкусом сметаны и зелени, 75 г со скидкой" class="b-image__img" style=""></div></div> <div class="b-offer__offer-info"><div class="b-offer__badge">-51%</div> <div class="b-offer__dates">По&nbsp;8&nbsp;августа <div title="Пятёрочка" class="b-image b-image_disabled_false b-image_cap_f b-image_img_vert b-image_loaded_true b-offer__retailer-icon"><div class="b-image__root"><div class="b-image__cap b-image__cap_loading_false"><!----></div><img src="https://leonardo.edadeal.io/dyn/re/retailers/images/icons/sq/06c522eb34f54fed99665f69cb0794b7.png" alt="Пятёрочка" class="b-image__img" style=""></div></div></div></div></div> <div class="b-offer__product-info"><div title="Чипсы картофельные Turbo Diesel, со вкусом сметаны и зелени, 75 г" class="b-offer__description">Чипсы картофельные Turbo Diesel, со&nbsp;вкусом сметаны и&nbsp;зелени,…</div> <div class="b-offer__quantity"><!----> 75 г / 533,20 ₽ за кг</div></div> <div class="b-offer__footer"><div class="b-offer__prices"><div title="39,99 ₽" class="b-offer__price-new">39,99 ₽</div> <div title="79,99 ₽" class="b-offer__price-old">79,99 ₽</div> <!----></div> <!----></div></div></div></a><!----><a href="/sankt-peterburg/offers/524b5a15-cc70-5aab-beb8-594738c32e30?from=%2Fsankt-peterburg%2Fretailers%2F5ka%3Fpage%3D1" class="p-retailer__offer"><div class="b-offer b-offer_disabled_false b-offer_view_default b-offer_is-outdated_false b-offer_is-recipe-drug_false b-offer_is-added-to-cart_false"><!----> <div class="b-offer__root"><div class="b-offer__header"><div class="b-image b-image_disabled_false b-image_cap_s b-image_img_vert b-image_loaded_true b-offer__preview"><div class="b-image__root"><div class="b-image__cap b-image__cap_loading_false"><!----></div><img src="https://leonardo.edadeal.io/dyn/cr/catalyst/offers/eg5e33kbua6m5a6cbydabes4rm.jpg" alt="Паста из морепродуктов Crème Le Mare, сливочная, Балтийский Берег, 150 г *Цена указана за 1 шт. при покупке 2 шт. одновременно со скидкой" class="b-image__img" style=""></div></div> <div class="b-offer__offer-info"><div class="b-offer__badge">1+1</div> <div class="b-offer__dates">По&nbsp;31&nbsp;августа <div title="Пятёрочка" class="b-image b-image_disabled_false b-image_cap_f b-image_img_vert b-image_loaded_true b-offer__retailer-icon"><div class="b-image__root"><div class="b-image__cap b-image__cap_loading_false"><!----></div><img src="https://leonardo.edadeal.io/dyn/re/retailers/images/icons/sq/06c522eb34f54fed99665f69cb0794b7.png" alt="Пятёрочка" class="b-image__img" style=""></div></div></div></div></div> <div class="b-offer__product-info"><div title="Паста из морепродуктов Crème Le Mare, сливочная, Балтийский Берег, 150 г" class="b-offer__description">Паста из&nbsp;морепродуктов Crème Le Mare, сливочная, Балтийский…</div> <div class="b-offer__quantity"><!----> 150 г / 399,93 ₽ за кг</div></div> <div class="b-offer__footer"><div class="b-offer__prices"><div title="59,99 ₽" class="b-offer__price-new">59,99 ₽</div> <div title="119,98 ₽" class="b-offer__price-old">119,98 ₽</div> <!----></div> <!----></div></div></div></a><!----><a href="/sankt-peterburg/offers/a46571f2-6dde-53dd-86fe-1d9a76377d43?from=%2Fsankt-peterburg%2Fretailers%2F5ka%3Fpage%3D1" class="p-retailer__offer"><div class="b-offer b-offer_disabled_false b-offer_view_default b-offer_is-outdated_false b-offer_is-recipe-drug_false b-offer_is-added-to-cart_false"><!----> <div class="b-offer__root"><div class="b-offer__header"><div class="b-image b-image_disabled_false b-image_cap_s b-image_img_vert b-image_loaded_true b-offer__preview"><div class="b-image__root"><div class="b-image__cap b-image__cap_loading_false"><!----></div><img src="https://leonardo.edadeal.io/dyn/cr/catalyst/offers/ah7lm4rtjrowycshkarglvahqi.jpg" alt="Паста из морепродуктов Crème Le Mare, с чесноком, Балтийский Берег, 150 г со скидкой" class="b-image__img" style=""></div></div> <div class="b-offer__offer-info"><div class="b-offer__badge">1+1</div> <div class="b-offer__dates">По&nbsp;31&nbsp;августа <div title="Пятёрочка" class="b-image b-image_disabled_false b-image_cap_f b-image_img_vert b-image_loaded_true b-offer__retailer-icon"><div class="b-image__root"><div class="b-image__cap b-image__cap_loading_false"><!----></div><img src="https://leonardo.edadeal.io/dyn/re/retailers/images/icons/sq/06c522eb34f54fed99665f69cb0794b7.png" alt="Пятёрочка" class="b-image__img" style=""></div></div></div></div></div> <div class="b-offer__product-info"><div title="Паста из морепродуктов Crème Le Mare, с чесноком, Балтийский Берег, 150 г" class="b-offer__description">Паста из&nbsp;морепродуктов Crème Le Mare, с&nbsp;чесноком, Балтийский…</div> <div class="b-offer__quantity"><!----> 150 г / 399,93 ₽ за кг</div></div> <div class="b-offer__footer"><div class="b-offer__prices"><div title="59,99 ₽" class="b-offer__price-new">59,99 ₽</div> <div title="119,98 ₽" class="b-offer__price-old">119,98 ₽</div> <!----></div> <!----></div></div></div></a><!----><a href="/sankt-peterburg/offers/d45b8617-5684-5d02-ae20-3ce77fb30e2c?from=%2Fsankt-peterburg%2Fretailers%2F5ka%3Fpage%3D1" class="p-retailer__offer"><div class="b-offer b-offer_disabled_false b-offer_view_default b-offer_is-outdated_false b-offer_is-recipe-drug_false b-offer_is-added-to-cart_false"><!----> <div class="b-offer__root"><div class="b-offer__header"><div class="b-image b-image_disabled_false b-image_cap_s b-image_img_vert b-image_loaded_true b-offer__preview"><div class="b-image__root"><div class="b-image__cap b-image__cap_loading_false"><!----></div><img src="https://leonardo.edadeal.io/dyn/cr/catalyst/offers/upkjha3ahp66kh7gwj735akev4.jpg" alt="Мармелад Французский Сад, Азовская КФ, 300 г со скидкой" class="b-image__img" style=""></div></div> <div class="b-offer__offer-info"><div class="b-offer__badge">-42%</div> <div class="b-offer__dates">По&nbsp;8&nbsp;августа <div title="Пятёрочка" class="b-image b-image_disabled_false b-image_cap_f b-image_img_vert b-image_loaded_true b-offer__retailer-icon"><div class="b-image__root"><div class="b-image__cap b-image__cap_loading_false"><!----></div><img src="https://leonardo.edadeal.io/dyn/re/retailers/images/icons/sq/06c522eb34f54fed99665f69cb0794b7.png" alt="Пятёрочка" class="b-image__img" style=""></div></div></div></div></div> <div class="b-offer__product-info"><div title="" class="b-offer__description">Мармелад Французский Сад, Азовская КФ, 300&nbsp;г</div> <div class="b-offer__quantity"><!----> 300 г / 233,30 ₽ за кг</div></div> <div class="b-offer__footer"><div class="b-offer__prices"><div title="69,99 ₽" class="b-offer__price-new">69,99 ₽</div> <div title="119,99 ₽" class="b-offer__price-old">119,99 ₽</div> <!----></div> <!----></div></div></div></a><!----><a href="/sankt-peterburg/offers/caea10bd-bbca-51a1-9dca-a11ebb6554ac?from=%2Fsankt-peterburg%2Fretailers%2F5ka%3Fpage%3D1" class="p-retailer__offer"><div class="b-offer b-offer_disabled_false b-offer_view_default b-offer_is-outdated_false b-offer_is-recipe-drug_false b-offer_is-added-to-cart_false"><!----> <div class="b-offer__root"><div class="b-offer__header"><div class="b-image b-image_disabled_false b-image_cap_s b-image_img_vert b-image_loaded_true b-offer__preview"><div class="b-image__root"><div class="b-image__cap b-image__cap_loading_false"><!----></div><img src="https://leonardo.edadeal.io/dyn/cr/catalyst/offers/t6fuabz7bgytblz7rusonm5pzq.jpg" alt="Колбаса Фирменная, полусухая, Дым Дымыч, 300 г со скидкой" class="b-image__img" style=""></div></div> <div class="b-offer__offer-info"><div class="b-offer__badge">-52%</div> <div class="b-offer__dates">По&nbsp;31&nbsp;августа <div title="Пятёрочка" class="b-image b-image_disabled_false b-image_cap_f b-image_img_vert b-image_loaded_true b-offer__retailer-icon"><div class="b-image__root"><div class="b-image__cap b-image__cap_loading_false"><!----></div><img src="https://leonardo.edadeal.io/dyn/re/retailers/images/icons/sq/06c522eb34f54fed99665f69cb0794b7.png" alt="Пятёрочка" class="b-image__img" style=""></div></div></div></div></div> <div class="b-offer__product-info"><div title="" class="b-offer__description">Колбаса Фирменная, полусухая, Дым Дымыч, 300&nbsp;г</div> <div class="b-offer__quantity"><!----> 300 г / 733,30 ₽ за кг</div></div> <div class="b-offer__footer"><div class="b-offer__prices"><div title="219,99 ₽" class="b-offer__price-new">219,99 ₽</div> <div title="449,99 ₽" class="b-offer__price-old">449,99 ₽</div> <!----></div> <!----></div></div></div></a><!----><a href="/sankt-peterburg/offers/c37641d4-c8a4-56bb-900b-1342636e86d3?from=%2Fsankt-peterburg%2Fretailers%2F5ka%3Fpage%3D1" class="p-retailer__offer"><div class="b-offer b-offer_disabled_false b-offer_view_default b-offer_is-outdated_false b-offer_is-recipe-drug_false b-offer_is-added-to-cart_false"><!----> <div class="b-offer__root"><div class="b-offer__header"><div class="b-image b-image_disabled_false b-image_cap_s b-image_img_vert b-image_loaded_true b-offer__preview"><div class="b-image__root"><div class="b-image__cap b-image__cap_loading_false"><!----></div><img src="https://leonardo.edadeal.io/dyn/cr/catalyst/offers/4dfocebxlo4gxl6ouqf5fxo6zy.jpg" alt="Сосиски Баварушки, вареные, Стародворье, 420 г со скидкой" class="b-image__img" style=""></div></div> <div class="b-offer__offer-info"><div class="b-offer__badge">1+1</div> <div class="b-offer__dates">По&nbsp;8&nbsp;августа <div title="Пятёрочка" class="b-image b-image_disabled_false b-image_cap_f b-image_img_vert b-image_loaded_true b-offer__retailer-icon"><div class="b-image__root"><div class="b-image__cap b-image__cap_loading_false"><!----></div><img src="https://leonardo.edadeal.io/dyn/re/retailers/images/icons/sq/06c522eb34f54fed99665f69cb0794b7.png" alt="Пятёрочка" class="b-image__img" style=""></div></div></div></div></div> <div class="b-offer__product-info"><div title="" class="b-offer__description">Сосиски Баварушки, вареные, Стародворье, 420&nbsp;г</div> <div class="b-offer__quantity"><!----> 420 г / 285,48 ₽ за кг</div></div> <div class="b-offer__footer"><div class="b-offer__prices"><div title="119,90 ₽" class="b-offer__price-new">119,90 ₽</div> <div title="239,80 ₽" class="b-offer__price-old">239,80 ₽</div> <!----></div> <!----></div></div></div></a><!----><a href="/sankt-peterburg/offers/8f4e435a-6656-5db0-b129-482bc1a50f17?from=%2Fsankt-peterburg%2Fretailers%2F5ka%3Fpage%3D1" class="p-retailer__offer"><div class="b-offer b-offer_disabled_false b-offer_view_default b-offer_is-outdated_false b-offer_is-recipe-drug_false b-offer_is-added-to-cart_false"><!----> <div class="b-offer__root"><div class="b-offer__header"><div class="b-image b-image_disabled_false b-image_cap_s b-image_img_vert b-image_loaded_true b-offer__preview"><div class="b-image__root"><div class="b-image__cap b-image__cap_loading_false"><!----></div><img src="https://leonardo.edadeal.io/dyn/cr/catalyst/offers/2zicf3ara3ybvn7fejryihdqe4.jpg" alt="Закуска Global Village, Венгерская, 480 г со скидкой" class="b-image__img" style=""></div></div> <div class="b-offer__offer-info"><div class="b-offer__badge">2+1</div> <div class="b-offer__dates">По&nbsp;31&nbsp;августа <div title="Пятёрочка" class="b-image b-image_disabled_false b-image_cap_f b-image_img_vert b-image_loaded_true b-offer__retailer-icon"><div class="b-image__root"><div class="b-image__cap b-image__cap_loading_false"><!----></div><img src="https://leonardo.edadeal.io/dyn/re/retailers/images/icons/sq/06c522eb34f54fed99665f69cb0794b7.png" alt="Пятёрочка" class="b-image__img" style=""></div></div></div></div></div> <div class="b-offer__product-info"><div title="" class="b-offer__description">Закуска Global Village, Венгерская, 480&nbsp;г</div> <div class="b-offer__quantity"><!----> 480 г / 143,73 ₽ за кг</div></div> <div class="b-offer__footer"><div class="b-offer__prices"><div title="68,99 ₽" class="b-offer__price-new">68,99 ₽</div> <div title="103,49 ₽" class="b-offer__price-old">103,49 ₽</div> <!----></div> <!----></div></div></div></a><div id="offers_cards_place" class="p-retailer__rtb-block p-retailer__rtb-block_type_offers_cards"><div id="rtb-R-I-338751-8-4-6e1c1b83080e6" class="rtb-output-1e8a7e6b24bf6b"><div></div></div></div><a href="/sankt-peterburg/offers/b0138b3a-7a0b-5039-b85c-ad96e8279e79?from=%2Fsankt-peterburg%2Fretailers%2F5ka%3Fpage%3D1" class="p-retailer__offer"><div class="b-offer b-offer_disabled_false b-offer_view_default b-offer_is-outdated_false b-offer_is-recipe-drug_false b-offer_is-added-to-cart_false"><!----> <div class="b-offer__root"><div class="b-offer__header"><div class="b-image b-image_disabled_false b-image_cap_s b-image_img_vert b-image_loaded_true b-offer__preview"><div class="b-image__root"><div class="b-image__cap b-image__cap_loading_false"><!----></div><img src="https://leonardo.edadeal.io/dyn/cr/catalyst/offers/sgxudy6qc2jwugw7k55b54smlm.jpg" alt="Приправа Kotanyi, шашлык на углях, 30 г со скидкой" class="b-image__img" style=""></div></div> <div class="b-offer__offer-info"><div class="b-offer__badge">-45%</div> <div class="b-offer__dates">По&nbsp;8&nbsp;августа <div title="Пятёрочка" class="b-image b-image_disabled_false b-image_cap_f b-image_img_vert b-image_loaded_true b-offer__retailer-icon"><div class="b-image__root"><div class="b-image__cap b-image__cap_loading_false"><!----></div><img src="https://leonardo.edadeal.io/dyn/re/retailers/images/icons/sq/06c522eb34f54fed99665f69cb0794b7.png" alt="Пятёрочка" class="b-image__img" style=""></div></div></div></div></div> <div class="b-offer__product-info"><div title="" class="b-offer__description">Приправа Kotanyi, шашлык на&nbsp;углях, 30&nbsp;г</div> <div class="b-offer__quantity"><!----> 30 г / 1&nbsp;333,00 ₽ за кг</div></div> <div class="b-offer__footer"><div class="b-offer__prices"><div title="39,99 ₽" class="b-offer__price-new">39,99 ₽</div> <div title="71,99 ₽" class="b-offer__price-old">71,99 ₽</div> <!----></div> <!----></div></div></div></a><!----><a href="/sankt-peterburg/offers/671281f3-3632-5854-8625-7d8373d07afe?from=%2Fsankt-peterburg%2Fretailers%2F5ka%3Fpage%3D1" class="p-retailer__offer"><div class="b-offer b-offer_disabled_false b-offer_view_default b-offer_is-outdated_false b-offer_is-recipe-drug_false b-offer_is-added-to-cart_false"><!----> <div class="b-offer__root"><div class="b-offer__header"><div class="b-image b-image_disabled_false b-image_cap_s b-image_img_vert b-image_loaded_true b-offer__preview"><div class="b-image__root"><div class="b-image__cap b-image__cap_loading_false"><!----></div><img src="https://leonardo.edadeal.io/dyn/cr/catalyst/offers/xu277faenp2lxo75y5abhzn6oe.jpg" alt="Приправа Maggi На второе, для сочной курицы с чесноком, 38 г со скидкой" class="b-image__img" style=""></div></div> <div class="b-offer__offer-info"><div class="b-offer__badge">1+1</div> <div class="b-offer__dates">По&nbsp;31&nbsp;августа <div title="Пятёрочка" class="b-image b-image_disabled_false b-image_cap_f b-image_img_vert b-image_loaded_true b-offer__retailer-icon"><div class="b-image__root"><div class="b-image__cap b-image__cap_loading_false"><!----></div><img src="https://leonardo.edadeal.io/dyn/re/retailers/images/icons/sq/06c522eb34f54fed99665f69cb0794b7.png" alt="Пятёрочка" class="b-image__img" style=""></div></div></div></div></div> <div class="b-offer__product-info"><div title="" class="b-offer__description">Приправа Maggi На&nbsp;второе, для сочной курицы с&nbsp;чесноком, 38&nbsp;г</div> <div class="b-offer__quantity"><!----> 38 г / 999,74 ₽ за кг</div></div> <div class="b-offer__footer"><div class="b-offer__prices"><div title="37,99 ₽" class="b-offer__price-new">37,99 ₽</div> <div title="75,98 ₽" class="b-offer__price-old">75,98 ₽</div> <!----></div> <!----></div></div></div></a><!----><a href="/sankt-peterburg/offers/e2f2602f-252a-5b5a-abfb-76a24d0fdf3a?from=%2Fsankt-peterburg%2Fretailers%2F5ka%3Fpage%3D1" class="p-retailer__offer"><div class="b-offer b-offer_disabled_false b-offer_view_default b-offer_is-outdated_false b-offer_is-recipe-drug_false b-offer_is-added-to-cart_false"><!----> <div class="b-offer__root"><div class="b-offer__header"><div class="b-image b-image_disabled_false b-image_cap_s b-image_img_vert b-image_loaded_true b-offer__preview"><div class="b-image__root"><div class="b-image__cap b-image__cap_loading_false"><!----></div><img src="https://leonardo.edadeal.io/dyn/cr/catalyst/offers/pphkxu7m2ftwru6w6wwxpbirpu.jpg" alt="Пюре мясное Тёма, цыпленок, 90 г со скидкой" class="b-image__img" style=""></div></div> <div class="b-offer__offer-info"><div class="b-offer__badge">-37%</div> <div class="b-offer__dates">По&nbsp;8&nbsp;августа <div title="Пятёрочка" class="b-image b-image_disabled_false b-image_cap_f b-image_img_vert b-image_loaded_true b-offer__retailer-icon"><div class="b-image__root"><div class="b-image__cap b-image__cap_loading_false"><!----></div><img src="https://leonardo.edadeal.io/dyn/re/retailers/images/icons/sq/06c522eb34f54fed99665f69cb0794b7.png" alt="Пятёрочка" class="b-image__img" style=""></div></div></div></div></div> <div class="b-offer__product-info"><div title="" class="b-offer__description">Пюре мясное Тёма, цыпленок, 90&nbsp;г</div> <div class="b-offer__quantity"><!----> 90 г / 666,56 ₽ за кг</div></div> <div class="b-offer__footer"><div class="b-offer__prices"><div title="59,99 ₽" class="b-offer__price-new">59,99 ₽</div> <div title="93,99 ₽" class="b-offer__price-old">93,99 ₽</div> <!----></div> <!----></div></div></div></a><!----><a href="/sankt-peterburg/offers/e8a88e65-825f-5d3e-8ec1-b6585d64a3b4?from=%2Fsankt-peterburg%2Fretailers%2F5ka%3Fpage%3D1" class="p-retailer__offer"><div class="b-offer b-offer_disabled_false b-offer_view_default b-offer_is-outdated_false b-offer_is-recipe-drug_false b-offer_is-added-to-cart_false"><!----> <div class="b-offer__root"><div class="b-offer__header"><div class="b-image b-image_disabled_false b-image_cap_s b-image_img_vert b-image_loaded_true b-offer__preview"><div class="b-image__root"><div class="b-image__cap b-image__cap_loading_false"><!----></div><img src="https://leonardo.edadeal.io/dyn/cr/catalyst/offers/csmuzfv4jcep6hwoimzr4qyln4.jpg" alt="Козинаки Богучарские, кунжут-семечки-карамель, AgroSputnik, 250 г со скидкой" class="b-image__img" style=""></div></div> <div class="b-offer__offer-info"><div class="b-offer__badge">-44%</div> <div class="b-offer__dates">По&nbsp;31&nbsp;августа <div title="Пятёрочка" class="b-image b-image_disabled_false b-image_cap_f b-image_img_vert b-image_loaded_true b-offer__retailer-icon"><div class="b-image__root"><div class="b-image__cap b-image__cap_loading_false"><!----></div><img src="https://leonardo.edadeal.io/dyn/re/retailers/images/icons/sq/06c522eb34f54fed99665f69cb0794b7.png" alt="Пятёрочка" class="b-image__img" style=""></div></div></div></div></div> <div class="b-offer__product-info"><div title="Козинаки Богучарские, кунжут-семечки-карамель, AgroSputnik, 250 г" class="b-offer__description">Козинаки Богучарские, кунжут-семечки-карамель, AgroSputnik,…</div> <div class="b-offer__quantity"><!----> 250 г / 519,96 ₽ за кг</div></div> <div class="b-offer__footer"><div class="b-offer__prices"><div title="129,99 ₽" class="b-offer__price-new">129,99 ₽</div> <div title="229,99 ₽" class="b-offer__price-old">229,99 ₽</div> <!----></div> <!----></div></div></div></a><!----><a href="/sankt-peterburg/offers/45f7666c-e4fa-5c69-9049-359c4844d9a6?from=%2Fsankt-peterburg%2Fretailers%2F5ka%3Fpage%3D1" class="p-retailer__offer"><div class="b-offer b-offer_disabled_false b-offer_view_default b-offer_is-outdated_false b-offer_is-recipe-drug_false b-offer_is-added-to-cart_false"><!----> <div class="b-offer__root"><div class="b-offer__header"><div class="b-image b-image_disabled_false b-image_cap_s b-image_img_vert b-image_loaded_true b-offer__preview"><div class="b-image__root"><div class="b-image__cap b-image__cap_loading_false"><!----></div><img src="https://leonardo.edadeal.io/dyn/cr/catalyst/offers/o37ubmx2kla6lq3yptvwn4krva.jpg" alt="Приправа Maggi На второе, для сочной курицы с паприкой, 34 г со скидкой" class="b-image__img" style=""></div></div> <div class="b-offer__offer-info"><div class="b-offer__badge">1+1</div> <div class="b-offer__dates">По&nbsp;31&nbsp;августа <div title="Пятёрочка" class="b-image b-image_disabled_false b-image_cap_f b-image_img_vert b-image_loaded_true b-offer__retailer-icon"><div class="b-image__root"><div class="b-image__cap b-image__cap_loading_false"><!----></div><img src="https://leonardo.edadeal.io/dyn/re/retailers/images/icons/sq/06c522eb34f54fed99665f69cb0794b7.png" alt="Пятёрочка" class="b-image__img" style=""></div></div></div></div></div> <div class="b-offer__product-info"><div title="" class="b-offer__description">Приправа Maggi На&nbsp;второе, для сочной курицы с&nbsp;паприкой, 34&nbsp;г</div> <div class="b-offer__quantity"><!----> 34 г / 1&nbsp;117,35 ₽ за кг</div></div> <div class="b-offer__footer"><div class="b-offer__prices"><div title="37,99 ₽" class="b-offer__price-new">37,99 ₽</div> <div title="75,98 ₽" class="b-offer__price-old">75,98 ₽</div> <!----></div> <!----></div></div></div></a><!----><a href="/sankt-peterburg/offers/89188754-4ee1-5b05-b518-3b50bfc5999c?from=%2Fsankt-peterburg%2Fretailers%2F5ka%3Fpage%3D1" class="p-retailer__offer"><div class="b-offer b-offer_disabled_false b-offer_view_default b-offer_is-outdated_false b-offer_is-recipe-drug_false b-offer_is-added-to-cart_false"><!----> <div class="b-offer__root"><div class="b-offer__header"><div class="b-image b-image_disabled_false b-image_cap_s b-image_img_vert b-image_loaded_true b-offer__preview"><div class="b-image__root"><div class="b-image__cap b-image__cap_loading_false"><!----></div><img src="https://leonardo.edadeal.io/dyn/cr/catalyst/offers/z4eeist3nyrkp7botw4y7mhp6i.jpg" alt="Шоколад Аленка, молочный, Красный Октябрь, 200 г со скидкой" class="b-image__img" style=""></div></div> <div class="b-offer__offer-info"><div class="b-offer__badge">-49%</div> <div class="b-offer__dates">По&nbsp;8&nbsp;августа <div title="Пятёрочка" class="b-image b-image_disabled_false b-image_cap_f b-image_img_vert b-image_loaded_true b-offer__retailer-icon"><div class="b-image__root"><div class="b-image__cap b-image__cap_loading_false"><!----></div><img src="https://leonardo.edadeal.io/dyn/re/retailers/images/icons/sq/06c522eb34f54fed99665f69cb0794b7.png" alt="Пятёрочка" class="b-image__img" style=""></div></div></div></div></div> <div class="b-offer__product-info"><div title="" class="b-offer__description">Шоколад Аленка, молочный, Красный Октябрь, 200&nbsp;г</div> <div class="b-offer__quantity"><!----> 200 г / 649,95 ₽ за кг</div></div> <div class="b-offer__footer"><div class="b-offer__prices"><div title="129,99 ₽" class="b-offer__price-new">129,99 ₽</div> <div title="249,99 ₽" class="b-offer__price-old">249,99 ₽</div> <!----></div> <!----></div></div></div></a> <!----></div><!----></div> <div class="b-pagination b-pagination_disabled_false b-pagination_overflow_true p-retailer__pagination"><div class="b-pagination__root"><div class="b-pagination__pages"><!----> <!----> <!----><div class="b-button b-button_disabled_false b-button_theme_blank b-button_shape_square b-button_size_m b-button_justify_center b-button_selected_true b-pagination__n"><a href="/sankt-peterburg/retailers/5ka" class="b-button__root"><!----> <div class="b-button__content">1</div> <!----></a></div><div class="b-button b-button_disabled_false b-button_theme_blank b-button_shape_square b-button_size_m b-button_justify_center b-button_selected_false b-pagination__n"><a href="/sankt-peterburg/retailers/5ka?page=2" class="b-button__root"><!----> <div class="b-button__content">2</div> <!----></a></div><div class="b-button b-button_disabled_false b-button_theme_blank b-button_shape_square b-button_size_m b-button_justify_center b-button_selected_false b-pagination__n"><a href="/sankt-peterburg/retailers/5ka?page=3" class="b-button__root"><!----> <div class="b-button__content">3</div> <!----></a></div><div class="b-button b-button_disabled_false b-button_theme_blank b-button_shape_square b-button_size_m b-button_justify_center b-button_selected_false b-pagination__n"><a href="/sankt-peterburg/retailers/5ka?page=4" class="b-button__root"><!----> <div class="b-button__content">4</div> <!----></a></div><div class="b-button b-button_disabled_false b-button_theme_blank b-button_shape_square b-button_size_m b-button_justify_center b-button_selected_false b-pagination__n"><a href="/sankt-peterburg/retailers/5ka?page=5" class="b-button__root"><!----> <div class="b-button__content">5</div> <!----></a></div><div class="b-button b-button_disabled_false b-button_theme_blank b-button_shape_square b-button_size_m b-button_justify_center b-button_selected_false b-pagination__n"><a href="/sankt-peterburg/retailers/5ka?page=6" class="b-button__root"><!----> <div class="b-button__content">6</div> <!----></a></div><div class="b-button b-button_disabled_false b-button_theme_blank b-button_shape_square b-button_size_m b-button_justify_center b-button_selected_false b-pagination__n"><a href="/sankt-peterburg/retailers/5ka?page=7" class="b-button__root"><!----> <div class="b-button__content">7</div> <!----></a></div> <div class="b-pagination__dummy">…  </div><!----> <div class="b-button b-button_disabled_false b-button_theme_blank b-button_shape_square b-button_size_m b-button_justify_center b-button_selected_false b-pagination__n"><a href="/sankt-peterburg/retailers/5ka?page=30" class="b-button__root"><!----> <div class="b-button__content">30</div> <!----></a></div></div> <div class="b-button b-button_disabled_false b-button_theme_blank b-button_shape_default b-button_size_m b-button_justify_start b-button_selected_false b-pagination__next"><a href="/sankt-peterburg/retailers/5ka?page=2" class="b-button__root"><!----> <div class="b-button__content">Вперед →</div> <!----></a></div></div></div> <div id="pagination_place" class="p-retailer__rtb-block p-retailer__rtb-block_type_pagination" style="height: auto;"><div id="rtb-R-I-338751-1-5-ebe83faaab074" class="rtb-output-1e8a7e6b24bf6b"><div></div></div></div></div><div class="p-retailer__sub-column"><!----> <div class="p-retailer__rtb"><div id="sidebar_middle_place" class="p-retailer__rtb-block p-retailer__rtb-block_type_sidebar_middle"><div id="rtb-R-I-338751-5-1-18a60c90a12c1" class="rtb-output-1e8a7e6b24bf6b"><div></div></div></div></div><div class="b-checkbox-list b-checkbox-list_disabled_false b-checkbox-list_opened_true b-checkbox-list_overflow_true"><div class="b-checkbox-list__root"><div class="b-checkbox-list__header">Бренды</div> <div class="b-checkbox-list__body"><div class="b-checkbox-list__quick-search-wrapper"><input maxlength="50" placeholder="Начните вводить название" class="b-checkbox-list__quick-search"></div> <div class="b-checkbox-list__options"><div title="6 соток" class="b-checkbox-list__option b-checkbox-list__option_checked_false b-checkbox-list__option_disabled_false">6 соток</div><div title="Absolut" class="b-checkbox-list__option b-checkbox-list__option_checked_false b-checkbox-list__option_disabled_false">Absolut</div><div title="Actimel" class="b-checkbox-list__option b-checkbox-list__option_checked_false b-checkbox-list__option_disabled_false">Actimel</div><div title="Ahmad Tea" class="b-checkbox-list__option b-checkbox-list__option_checked_false b-checkbox-list__option_disabled_false">Ahmad Tea</div><div title="Akbar" class="b-checkbox-list__option b-checkbox-list__option_checked_false b-checkbox-list__option_disabled_false">Akbar</div><div title="Aloe Fresh" class="b-checkbox-list__option b-checkbox-list__option_checked_false b-checkbox-list__option_disabled_false">Aloe Fresh</div><div title="Alpen Gold" class="b-checkbox-list__option b-checkbox-list__option_checked_false b-checkbox-list__option_disabled_false">Alpen Gold</div><div title="Ambassador" class="b-checkbox-list__option b-checkbox-list__option_checked_false b-checkbox-list__option_disabled_false">Ambassador</div><div title="Anarchy" class="b-checkbox-list__option b-checkbox-list__option_checked_false b-checkbox-list__option_disabled_false">Anarchy</div><div title="AOS" class="b-checkbox-list__option b-checkbox-list__option_checked_false b-checkbox-list__option_disabled_false">AOS</div><div title="Arla Natura" class="b-checkbox-list__option b-checkbox-list__option_checked_false b-checkbox-list__option_disabled_false">Arla Natura</div><div title="Astoria" class="b-checkbox-list__option b-checkbox-list__option_checked_false b-checkbox-list__option_disabled_false">Astoria</div><div title="Aura" class="b-checkbox-list__option b-checkbox-list__option_checked_false b-checkbox-list__option_disabled_false">Aura</div><div title="Axe" class="b-checkbox-list__option b-checkbox-list__option_checked_false b-checkbox-list__option_disabled_false">Axe</div><div title="Bakery story" class="b-checkbox-list__option b-checkbox-list__option_checked_false b-checkbox-list__option_disabled_false">Bakery story</div><div title="Barrister" class="b-checkbox-list__option b-checkbox-list__option_checked_false b-checkbox-list__option_disabled_false">Barrister</div><div title="Beta Tea" class="b-checkbox-list__option b-checkbox-list__option_checked_false b-checkbox-list__option_disabled_false">Beta Tea</div><div title="Binggrae" class="b-checkbox-list__option b-checkbox-list__option_checked_false b-checkbox-list__option_disabled_false">Binggrae</div><div title="Bionica" class="b-checkbox-list__option b-checkbox-list__option_checked_false b-checkbox-list__option_disabled_false">Bionica</div><div title="Bon Giorno" class="b-checkbox-list__option b-checkbox-list__option_checked_false b-checkbox-list__option_disabled_false">Bon Giorno</div><div title="Bonduelle" class="b-checkbox-list__option b-checkbox-list__option_checked_false b-checkbox-list__option_disabled_false">Bonduelle</div><div title="Borjomi" class="b-checkbox-list__option b-checkbox-list__option_checked_false b-checkbox-list__option_disabled_false">Borjomi</div><div title="Bosca" class="b-checkbox-list__option b-checkbox-list__option_checked_false b-checkbox-list__option_disabled_false">Bosca</div><div title="Bounty" class="b-checkbox-list__option b-checkbox-list__option_checked_false b-checkbox-list__option_disabled_false">Bounty</div><div title="Bref" class="b-checkbox-list__option b-checkbox-list__option_checked_false b-checkbox-list__option_disabled_false">Bref</div><div title="Bursamdzeli" class="b-checkbox-list__option b-checkbox-list__option_checked_false b-checkbox-list__option_disabled_false">Bursamdzeli</div><div title="Bushido" class="b-checkbox-list__option b-checkbox-list__option_checked_false b-checkbox-list__option_disabled_false">Bushido</div><div title="Calgon" class="b-checkbox-list__option b-checkbox-list__option_checked_false b-checkbox-list__option_disabled_false">Calgon</div><div title="Camay" class="b-checkbox-list__option b-checkbox-list__option_checked_false b-checkbox-list__option_disabled_false">Camay</div><div title="Casademont" class="b-checkbox-list__option b-checkbox-list__option_checked_false b-checkbox-list__option_disabled_false">Casademont</div><div title="Cho Ko-te" class="b-checkbox-list__option b-checkbox-list__option_checked_false b-checkbox-list__option_disabled_false">Cho Ko-te</div><div title="Chupa Chups" class="b-checkbox-list__option b-checkbox-list__option_checked_false b-checkbox-list__option_disabled_false">Chupa Chups</div><div title="Cillit" class="b-checkbox-list__option b-checkbox-list__option_checked_false b-checkbox-list__option_disabled_false">Cillit</div><div title="Cirio" class="b-checkbox-list__option b-checkbox-list__option_checked_false b-checkbox-list__option_disabled_false">Cirio</div><div title="Colgate" class="b-checkbox-list__option b-checkbox-list__option_checked_false b-checkbox-list__option_disabled_false">Colgate</div><div title="Comet" class="b-checkbox-list__option b-checkbox-list__option_checked_false b-checkbox-list__option_disabled_false">Comet</div><div title="Crazy Jack" class="b-checkbox-list__option b-checkbox-list__option_checked_false b-checkbox-list__option_disabled_false">Crazy Jack</div><div title="Creme Le Mare" class="b-checkbox-list__option b-checkbox-list__option_checked_false b-checkbox-list__option_disabled_false">Creme Le Mare</div><div title="Danone" class="b-checkbox-list__option b-checkbox-list__option_checked_false b-checkbox-list__option_disabled_false">Danone</div><div title="Delicatesse De Mare" class="b-checkbox-list__option b-checkbox-list__option_checked_false b-checkbox-list__option_disabled_false">Delicatesse De Mare</div><div title="DiaDar" class="b-checkbox-list__option b-checkbox-list__option_checked_false b-checkbox-list__option_disabled_false">DiaDar</div><div title="Dirol" class="b-checkbox-list__option b-checkbox-list__option_checked_false b-checkbox-list__option_disabled_false">Dirol</div><div title="Dolce granto" class="b-checkbox-list__option b-checkbox-list__option_checked_false b-checkbox-list__option_disabled_false">Dolce granto</div><div title="Domestos" class="b-checkbox-list__option b-checkbox-list__option_checked_false b-checkbox-list__option_disabled_false">Domestos</div><div title="Dos Mexicanos" class="b-checkbox-list__option b-checkbox-list__option_checked_false b-checkbox-list__option_disabled_false">Dos Mexicanos</div><div title="Dove" class="b-checkbox-list__option b-checkbox-list__option_checked_false b-checkbox-list__option_disabled_false">Dove</div><div title="Egoiste Cafe" class="b-checkbox-list__option b-checkbox-list__option_checked_false b-checkbox-list__option_disabled_false">Egoiste Cafe</div><div title="Elseve" class="b-checkbox-list__option b-checkbox-list__option_checked_false b-checkbox-list__option_disabled_false">Elseve</div><div title="Essen" class="b-checkbox-list__option b-checkbox-list__option_checked_false b-checkbox-list__option_disabled_false">Essen</div><div title="Fa" class="b-checkbox-list__option b-checkbox-list__option_checked_false b-checkbox-list__option_disabled_false">Fa</div><div title="Familia" class="b-checkbox-list__option b-checkbox-list__option_checked_false b-checkbox-list__option_disabled_false">Familia</div><div title="Fathers Old Barrel" class="b-checkbox-list__option b-checkbox-list__option_checked_false b-checkbox-list__option_disabled_false">Fathers Old Barrel</div><div title="Felix" class="b-checkbox-list__option b-checkbox-list__option_checked_false b-checkbox-list__option_disabled_false">Felix</div><div title="Finish" class="b-checkbox-list__option b-checkbox-list__option_checked_false b-checkbox-list__option_disabled_false">Finish</div><div title="Fish House" class="b-checkbox-list__option b-checkbox-list__option_checked_false b-checkbox-list__option_disabled_false">Fish House</div><div title="Fresco" class="b-checkbox-list__option b-checkbox-list__option_checked_false b-checkbox-list__option_disabled_false">Fresco</div><div title="Fruto" class="b-checkbox-list__option b-checkbox-list__option_checked_false b-checkbox-list__option_disabled_false">Fruto</div><div title="Galavani" class="b-checkbox-list__option b-checkbox-list__option_checked_false b-checkbox-list__option_disabled_false">Galavani</div><div title="Galbani" class="b-checkbox-list__option b-checkbox-list__option_checked_false b-checkbox-list__option_disabled_false">Galbani</div><div title="Garnier" class="b-checkbox-list__option b-checkbox-list__option_checked_false b-checkbox-list__option_disabled_false">Garnier</div><div title="Gillette" class="b-checkbox-list__option b-checkbox-list__option_checked_false b-checkbox-list__option_disabled_false">Gillette</div><div title="Global Village" class="b-checkbox-list__option b-checkbox-list__option_checked_false b-checkbox-list__option_disabled_false">Global Village</div><div title="Green Panda" class="b-checkbox-list__option b-checkbox-list__option_checked_false b-checkbox-list__option_disabled_false">Green Panda</div><div title="Greenfield" class="b-checkbox-list__option b-checkbox-list__option_checked_false b-checkbox-list__option_disabled_false">Greenfield</div><div title="Halls" class="b-checkbox-list__option b-checkbox-list__option_checked_false b-checkbox-list__option_disabled_false">Halls</div><div title="Heinz" class="b-checkbox-list__option b-checkbox-list__option_checked_false b-checkbox-list__option_disabled_false">Heinz</div><div title="Highgarden" class="b-checkbox-list__option b-checkbox-list__option_checked_false b-checkbox-list__option_disabled_false">Highgarden</div><div title="Hochland" class="b-checkbox-list__option b-checkbox-list__option_checked_false b-checkbox-list__option_disabled_false">Hochland</div><div title="Honey kid" class="b-checkbox-list__option b-checkbox-list__option_checked_false b-checkbox-list__option_disabled_false">Honey kid</div><div title="J7" class="b-checkbox-list__option b-checkbox-list__option_checked_false b-checkbox-list__option_disabled_false">J7</div><div title="Jacobs" class="b-checkbox-list__option b-checkbox-list__option_checked_false b-checkbox-list__option_disabled_false">Jacobs</div><div title="Jardin" class="b-checkbox-list__option b-checkbox-list__option_checked_false b-checkbox-list__option_disabled_false">Jardin</div><div title="King Fish" class="b-checkbox-list__option b-checkbox-list__option_checked_false b-checkbox-list__option_disabled_false">King Fish</div><div title="Kingfish" class="b-checkbox-list__option b-checkbox-list__option_checked_false b-checkbox-list__option_disabled_false">Kingfish</div><div title="Kotanyi" class="b-checkbox-list__option b-checkbox-list__option_checked_false b-checkbox-list__option_disabled_false">Kotanyi</div><div title="Label 5" class="b-checkbox-list__option b-checkbox-list__option_checked_false b-checkbox-list__option_disabled_false">Label 5</div><div title="Lebo" class="b-checkbox-list__option b-checkbox-list__option_checked_false b-checkbox-list__option_disabled_false">Lebo</div><div title="Lenco" class="b-checkbox-list__option b-checkbox-list__option_checked_false b-checkbox-list__option_disabled_false">Lenco</div><div title="Liebendorf" class="b-checkbox-list__option b-checkbox-list__option_checked_false b-checkbox-list__option_disabled_false">Liebendorf</div><div title="Lipton" class="b-checkbox-list__option b-checkbox-list__option_checked_false b-checkbox-list__option_disabled_false">Lipton</div><div title="Lorentini" class="b-checkbox-list__option b-checkbox-list__option_checked_false b-checkbox-list__option_disabled_false">Lorentini</div><div title="Lorenz" class="b-checkbox-list__option b-checkbox-list__option_checked_false b-checkbox-list__option_disabled_false">Lorenz</div><div title="Love is" class="b-checkbox-list__option b-checkbox-list__option_checked_false b-checkbox-list__option_disabled_false">Love is</div><div title="MacCoffee" class="b-checkbox-list__option b-checkbox-list__option_checked_false b-checkbox-list__option_disabled_false">MacCoffee</div><div title="Maggi" class="b-checkbox-list__option b-checkbox-list__option_checked_false b-checkbox-list__option_disabled_false">Maggi</div><div title="Magic Grain" class="b-checkbox-list__option b-checkbox-list__option_checked_false b-checkbox-list__option_disabled_false">Magic Grain</div><div title="Mamba" class="b-checkbox-list__option b-checkbox-list__option_checked_false b-checkbox-list__option_disabled_false">Mamba</div><div title="Marleson" class="b-checkbox-list__option b-checkbox-list__option_checked_false b-checkbox-list__option_disabled_false">Marleson</div><div title="Meller" class="b-checkbox-list__option b-checkbox-list__option_checked_false b-checkbox-list__option_disabled_false">Meller</div><div title="Milka" class="b-checkbox-list__option b-checkbox-list__option_checked_false b-checkbox-list__option_disabled_false">Milka</div><div title="Mipao" class="b-checkbox-list__option b-checkbox-list__option_checked_false b-checkbox-list__option_disabled_false">Mipao</div><div title="Mirel" class="b-checkbox-list__option b-checkbox-list__option_checked_false b-checkbox-list__option_disabled_false">Mirel</div><div title="Mivela Mg++" class="b-checkbox-list__option b-checkbox-list__option_checked_false b-checkbox-list__option_disabled_false">Mivela Mg++</div><div title="Mixbar" class="b-checkbox-list__option b-checkbox-list__option_checked_false b-checkbox-list__option_disabled_false">Mixbar</div><div title="Mollis" class="b-checkbox-list__option b-checkbox-list__option_checked_false b-checkbox-list__option_disabled_false">Mollis</div><div title="Mr. Ricco" class="b-checkbox-list__option b-checkbox-list__option_checked_false b-checkbox-list__option_disabled_false">Mr. Ricco</div><div title="My Komboocha" class="b-checkbox-list__option b-checkbox-list__option_checked_false b-checkbox-list__option_disabled_false">My Komboocha</div><div title="Nar" class="b-checkbox-list__option b-checkbox-list__option_checked_false b-checkbox-list__option_disabled_false">Nar</div><div title="Nemoloko" class="b-checkbox-list__option b-checkbox-list__option_checked_false b-checkbox-list__option_disabled_false">Nemoloko</div><div title="Nescafe" class="b-checkbox-list__option b-checkbox-list__option_checked_false b-checkbox-list__option_disabled_false">Nescafe</div><div title="Nuts" class="b-checkbox-list__option b-checkbox-list__option_checked_false b-checkbox-list__option_disabled_false">Nuts</div><div title="O'Brian" class="b-checkbox-list__option b-checkbox-list__option_checked_false b-checkbox-list__option_disabled_false">O'Brian</div><div title="Orion" class="b-checkbox-list__option b-checkbox-list__option_checked_false b-checkbox-list__option_disabled_false">Orion</div><div title="Palmolive" class="b-checkbox-list__option b-checkbox-list__option_checked_false b-checkbox-list__option_disabled_false">Palmolive</div><div title="Papia" class="b-checkbox-list__option b-checkbox-list__option_checked_false b-checkbox-list__option_disabled_false">Papia</div><div title="Patardzeuli" class="b-checkbox-list__option b-checkbox-list__option_checked_false b-checkbox-list__option_disabled_false">Patardzeuli</div><div title="Pedigree" class="b-checkbox-list__option b-checkbox-list__option_checked_false b-checkbox-list__option_disabled_false">Pedigree</div><div title="Perfect Fit" class="b-checkbox-list__option b-checkbox-list__option_checked_false b-checkbox-list__option_disabled_false">Perfect Fit</div><div title="Picnic" class="b-checkbox-list__option b-checkbox-list__option_checked_false b-checkbox-list__option_disabled_false">Picnic</div><div title="President" class="b-checkbox-list__option b-checkbox-list__option_checked_false b-checkbox-list__option_disabled_false">President</div><div title="Promesa" class="b-checkbox-list__option b-checkbox-list__option_checked_false b-checkbox-list__option_disabled_false">Promesa</div><div title="PULPY" class="b-checkbox-list__option b-checkbox-list__option_checked_false b-checkbox-list__option_disabled_false">PULPY</div><div title="Purina ONE" class="b-checkbox-list__option b-checkbox-list__option_checked_false b-checkbox-list__option_disabled_false">Purina ONE</div><div title="Red Bull" class="b-checkbox-list__option b-checkbox-list__option_checked_false b-checkbox-list__option_disabled_false">Red Bull</div><div title="Restoria" class="b-checkbox-list__option b-checkbox-list__option_checked_false b-checkbox-list__option_disabled_false">Restoria</div><div title="Rich" class="b-checkbox-list__option b-checkbox-list__option_checked_false b-checkbox-list__option_disabled_false">Rich</div><div title="Richard" class="b-checkbox-list__option b-checkbox-list__option_checked_false b-checkbox-list__option_disabled_false">Richard</div><div title="Ruskeala" class="b-checkbox-list__option b-checkbox-list__option_checked_false b-checkbox-list__option_disabled_false">Ruskeala</div><div title="Sanfor" class="b-checkbox-list__option b-checkbox-list__option_checked_false b-checkbox-list__option_disabled_false">Sanfor</div><div title="Sangria" class="b-checkbox-list__option b-checkbox-list__option_checked_false b-checkbox-list__option_disabled_false">Sangria</div><div title="Santo Stefano" class="b-checkbox-list__option b-checkbox-list__option_checked_false b-checkbox-list__option_disabled_false">Santo Stefano</div><div title="Schauma" class="b-checkbox-list__option b-checkbox-list__option_checked_false b-checkbox-list__option_disabled_false">Schauma</div><div title="Sen Soy" class="b-checkbox-list__option b-checkbox-list__option_checked_false b-checkbox-list__option_disabled_false">Sen Soy</div><div title="Setra" class="b-checkbox-list__option b-checkbox-list__option_checked_false b-checkbox-list__option_disabled_false">Setra</div><div title="Shustoff" class="b-checkbox-list__option b-checkbox-list__option_checked_false b-checkbox-list__option_disabled_false">Shustoff</div><div title="Sicilia" class="b-checkbox-list__option b-checkbox-list__option_checked_false b-checkbox-list__option_disabled_false">Sicilia</div><div title="Skittles" class="b-checkbox-list__option b-checkbox-list__option_checked_false b-checkbox-list__option_disabled_false">Skittles</div><div title="Snickers" class="b-checkbox-list__option b-checkbox-list__option_checked_false b-checkbox-list__option_disabled_false">Snickers</div><div title="Soko Grande" class="b-checkbox-list__option b-checkbox-list__option_checked_false b-checkbox-list__option_disabled_false">Soko Grande</div><div title="Splat" class="b-checkbox-list__option b-checkbox-list__option_checked_false b-checkbox-list__option_disabled_false">Splat</div><div title="Steersman" class="b-checkbox-list__option b-checkbox-list__option_checked_false b-checkbox-list__option_disabled_false">Steersman</div><div title="Stolichnaya" class="b-checkbox-list__option b-checkbox-list__option_checked_false b-checkbox-list__option_disabled_false">Stolichnaya</div><div title="Sweet box" class="b-checkbox-list__option b-checkbox-list__option_checked_false b-checkbox-list__option_disabled_false">Sweet box</div><div title="Syoss" class="b-checkbox-list__option b-checkbox-list__option_checked_false b-checkbox-list__option_disabled_false">Syoss</div><div title="Tess" class="b-checkbox-list__option b-checkbox-list__option_checked_false b-checkbox-list__option_disabled_false">Tess</div><div title="The Colonist" class="b-checkbox-list__option b-checkbox-list__option_checked_false b-checkbox-list__option_disabled_false">The Colonist</div><div title="Tiret" class="b-checkbox-list__option b-checkbox-list__option_checked_false b-checkbox-list__option_disabled_false">Tiret</div><div title="Trattoria Di Maestro Turatti" class="b-checkbox-list__option b-checkbox-list__option_checked_false b-checkbox-list__option_disabled_false">Trattoria Di Maestro Turatti</div><div title="Tundra" class="b-checkbox-list__option b-checkbox-list__option_checked_false b-checkbox-list__option_disabled_false">Tundra</div><div title="Turbo Diesel" class="b-checkbox-list__option b-checkbox-list__option_checked_false b-checkbox-list__option_disabled_false">Turbo Diesel</div><div title="Twister" class="b-checkbox-list__option b-checkbox-list__option_checked_false b-checkbox-list__option_disabled_false">Twister</div><div title="Unicorn" class="b-checkbox-list__option b-checkbox-list__option_checked_false b-checkbox-list__option_disabled_false">Unicorn</div><div title="Unicum" class="b-checkbox-list__option b-checkbox-list__option_checked_false b-checkbox-list__option_disabled_false">Unicum</div><div title="Vanish" class="b-checkbox-list__option b-checkbox-list__option_checked_false b-checkbox-list__option_disabled_false">Vanish</div><div title="Venus" class="b-checkbox-list__option b-checkbox-list__option_checked_false b-checkbox-list__option_disabled_false">Venus</div><div title="VERMICELLI" class="b-checkbox-list__option b-checkbox-list__option_checked_false b-checkbox-list__option_disabled_false">VERMICELLI</div><div title="Vernel" class="b-checkbox-list__option b-checkbox-list__option_checked_false b-checkbox-list__option_disabled_false">Vernel</div><div title="Villa Krim" class="b-checkbox-list__option b-checkbox-list__option_checked_false b-checkbox-list__option_disabled_false">Villa Krim</div><div title="Viola" class="b-checkbox-list__option b-checkbox-list__option_checked_false b-checkbox-list__option_disabled_false">Viola</div><div title="Whiskas" class="b-checkbox-list__option b-checkbox-list__option_checked_false b-checkbox-list__option_disabled_false">Whiskas</div><div title="Woolite" class="b-checkbox-list__option b-checkbox-list__option_checked_false b-checkbox-list__option_disabled_false">Woolite</div><div title="Zewa" class="b-checkbox-list__option b-checkbox-list__option_checked_false b-checkbox-list__option_disabled_false">Zewa</div><div title="Авшарский Винный Завод" class="b-checkbox-list__option b-checkbox-list__option_checked_false b-checkbox-list__option_disabled_false">Авшарский Винный Завод</div><div title="Агуша" class="b-checkbox-list__option b-checkbox-list__option_checked_false b-checkbox-list__option_disabled_false">Агуша</div><div title="Азовская" class="b-checkbox-list__option b-checkbox-list__option_checked_false b-checkbox-list__option_disabled_false">Азовская</div><div title="Азовская кондитерская фабрика" class="b-checkbox-list__option b-checkbox-list__option_checked_false b-checkbox-list__option_disabled_false">Азовская кондитерская фабрика</div><div title="Акконд" class="b-checkbox-list__option b-checkbox-list__option_checked_false b-checkbox-list__option_disabled_false">Акконд</div><div title="Активиа" class="b-checkbox-list__option b-checkbox-list__option_checked_false b-checkbox-list__option_disabled_false">Активиа</div><div title="Актуаль" class="b-checkbox-list__option b-checkbox-list__option_checked_false b-checkbox-list__option_disabled_false">Актуаль</div><div title="Аладушкин" class="b-checkbox-list__option b-checkbox-list__option_checked_false b-checkbox-list__option_disabled_false">Аладушкин</div><div title="Аланталь" class="b-checkbox-list__option b-checkbox-list__option_checked_false b-checkbox-list__option_disabled_false">Аланталь</div><div title="Аленка" class="b-checkbox-list__option b-checkbox-list__option_checked_false b-checkbox-list__option_disabled_false">Аленка</div><div title="Аппетитка" class="b-checkbox-list__option b-checkbox-list__option_checked_false b-checkbox-list__option_disabled_false">Аппетитка</div><div title="Апсны" class="b-checkbox-list__option b-checkbox-list__option_checked_false b-checkbox-list__option_disabled_false">Апсны</div><div title="Архангельская" class="b-checkbox-list__option b-checkbox-list__option_checked_false b-checkbox-list__option_disabled_false">Архангельская</div><div title="Архыз" class="b-checkbox-list__option b-checkbox-list__option_checked_false b-checkbox-list__option_disabled_false">Архыз</div><div title="Асто" class="b-checkbox-list__option b-checkbox-list__option_checked_false b-checkbox-list__option_disabled_false">Асто</div><div title="Атяшево" class="b-checkbox-list__option b-checkbox-list__option_checked_false b-checkbox-list__option_disabled_false">Атяшево</div><div title="Аш-тау" class="b-checkbox-list__option b-checkbox-list__option_checked_false b-checkbox-list__option_disabled_false">Аш-тау</div><div title="Баварушка" class="b-checkbox-list__option b-checkbox-list__option_checked_false b-checkbox-list__option_disabled_false">Баварушка</div><div title="Балтийский берег" class="b-checkbox-list__option b-checkbox-list__option_checked_false b-checkbox-list__option_disabled_false">Балтийский берег</div><div title="Бархатные ручки" class="b-checkbox-list__option b-checkbox-list__option_checked_false b-checkbox-list__option_disabled_false">Бархатные ручки</div><div title="Белая Березка" class="b-checkbox-list__option b-checkbox-list__option_checked_false b-checkbox-list__option_disabled_false">Белая Березка</div><div title="Белевская пастила" class="b-checkbox-list__option b-checkbox-list__option_checked_false b-checkbox-list__option_disabled_false">Белевская пастила</div><div title="Белочка" class="b-checkbox-list__option b-checkbox-list__option_checked_false b-checkbox-list__option_disabled_false">Белочка</div><div title="Белый налив" class="b-checkbox-list__option b-checkbox-list__option_checked_false b-checkbox-list__option_disabled_false">Белый налив</div><div title="Биг-ланч" class="b-checkbox-list__option b-checkbox-list__option_checked_false b-checkbox-list__option_disabled_false">Биг-ланч</div><div title="Биолан" class="b-checkbox-list__option b-checkbox-list__option_checked_false b-checkbox-list__option_disabled_false">Биолан</div><div title="БКК Коломенское" class="b-checkbox-list__option b-checkbox-list__option_checked_false b-checkbox-list__option_disabled_false">БКК Коломенское</div><div title="Ближние Горки" class="b-checkbox-list__option b-checkbox-list__option_checked_false b-checkbox-list__option_disabled_false">Ближние Горки</div><div title="Богучарские" class="b-checkbox-list__option b-checkbox-list__option_checked_false b-checkbox-list__option_disabled_false">Богучарские</div><div title="Большая чашка" class="b-checkbox-list__option b-checkbox-list__option_checked_false b-checkbox-list__option_disabled_false">Большая чашка</div><div title="Бон Пари" class="b-checkbox-list__option b-checkbox-list__option_checked_false b-checkbox-list__option_disabled_false">Бон Пари</div><div title="Боярушка" class="b-checkbox-list__option b-checkbox-list__option_checked_false b-checkbox-list__option_disabled_false">Боярушка</div><div title="Брест-Литовск" class="b-checkbox-list__option b-checkbox-list__option_checked_false b-checkbox-list__option_disabled_false">Брест-Литовск</div><div title="Бугульма" class="b-checkbox-list__option b-checkbox-list__option_checked_false b-checkbox-list__option_disabled_false">Бугульма</div><div title="Ваше здоровье" class="b-checkbox-list__option b-checkbox-list__option_checked_false b-checkbox-list__option_disabled_false">Ваше здоровье</div><div title="Великолукский Мясокомбинат" class="b-checkbox-list__option b-checkbox-list__option_checked_false b-checkbox-list__option_disabled_false">Великолукский Мясокомбинат</div><div title="Верховье" class="b-checkbox-list__option b-checkbox-list__option_checked_false b-checkbox-list__option_disabled_false">Верховье</div><div title="Вкуснотеево" class="b-checkbox-list__option b-checkbox-list__option_checked_false b-checkbox-list__option_disabled_false">Вкуснотеево</div><div title="Владпродукт" class="b-checkbox-list__option b-checkbox-list__option_checked_false b-checkbox-list__option_disabled_false">Владпродукт</div><div title="Волковская пивоварня" class="b-checkbox-list__option b-checkbox-list__option_checked_false b-checkbox-list__option_disabled_false">Волковская пивоварня</div><div title="Вологодское" class="b-checkbox-list__option b-checkbox-list__option_checked_false b-checkbox-list__option_disabled_false">Вологодское</div><div title="Волшебное дерево" class="b-checkbox-list__option b-checkbox-list__option_checked_false b-checkbox-list__option_disabled_false">Волшебное дерево</div><div title="Гастроном 1" class="b-checkbox-list__option b-checkbox-list__option_checked_false b-checkbox-list__option_disabled_false">Гастроном 1</div><div title="Главпродукт" class="b-checkbox-list__option b-checkbox-list__option_checked_false b-checkbox-list__option_disabled_false">Главпродукт</div><div title="Главсуп" class="b-checkbox-list__option b-checkbox-list__option_checked_false b-checkbox-list__option_disabled_false">Главсуп</div><div title="Горячая штучка" class="b-checkbox-list__option b-checkbox-list__option_checked_false b-checkbox-list__option_disabled_false">Горячая штучка</div><div title="Готово!" class="b-checkbox-list__option b-checkbox-list__option_checked_false b-checkbox-list__option_disabled_false">Готово!</div><div title="Гриль Мания" class="b-checkbox-list__option b-checkbox-list__option_checked_false b-checkbox-list__option_disabled_false">Гриль Мания</div><div title="Дальневосточный" class="b-checkbox-list__option b-checkbox-list__option_checked_false b-checkbox-list__option_disabled_false">Дальневосточный</div><div title="Даниссимо" class="b-checkbox-list__option b-checkbox-list__option_checked_false b-checkbox-list__option_disabled_false">Даниссимо</div><div title="ДАЁЖЪ" class="b-checkbox-list__option b-checkbox-list__option_checked_false b-checkbox-list__option_disabled_false">ДАЁЖЪ</div><div title="Дивный Берег" class="b-checkbox-list__option b-checkbox-list__option_checked_false b-checkbox-list__option_disabled_false">Дивный Берег</div><div title="Для всей семьи" class="b-checkbox-list__option b-checkbox-list__option_checked_false b-checkbox-list__option_disabled_false">Для всей семьи</div><div title="Добрый" class="b-checkbox-list__option b-checkbox-list__option_checked_false b-checkbox-list__option_disabled_false">Добрый</div><div title="Древний Эривань" class="b-checkbox-list__option b-checkbox-list__option_checked_false b-checkbox-list__option_disabled_false">Древний Эривань</div><div title="Дугладзе" class="b-checkbox-list__option b-checkbox-list__option_checked_false b-checkbox-list__option_disabled_false">Дугладзе</div><div title="Дым ДымычЪ" class="b-checkbox-list__option b-checkbox-list__option_checked_false b-checkbox-list__option_disabled_false">Дым ДымычЪ</div><div title="Дядя ваня" class="b-checkbox-list__option b-checkbox-list__option_checked_false b-checkbox-list__option_disabled_false">Дядя ваня</div><div title="Европром" class="b-checkbox-list__option b-checkbox-list__option_checked_false b-checkbox-list__option_disabled_false">Европром</div><div title="Егорьевская колбасно-гастрономическая фабрика" class="b-checkbox-list__option b-checkbox-list__option_checked_false b-checkbox-list__option_disabled_false">Егорьевская колбасно-гастрономическая фабрика</div><div title="Жаренки" class="b-checkbox-list__option b-checkbox-list__option_checked_false b-checkbox-list__option_disabled_false">Жаренки</div><div title="Живые конфеты" class="b-checkbox-list__option b-checkbox-list__option_checked_false b-checkbox-list__option_disabled_false">Живые конфеты</div><div title="Звездочки" class="b-checkbox-list__option b-checkbox-list__option_checked_false b-checkbox-list__option_disabled_false">Звездочки</div><div title="Здрава" class="b-checkbox-list__option b-checkbox-list__option_checked_false b-checkbox-list__option_disabled_false">Здрава</div><div title="Зелёная марка" class="b-checkbox-list__option b-checkbox-list__option_checked_false b-checkbox-list__option_disabled_false">Зелёная марка</div><div title="Зерница" class="b-checkbox-list__option b-checkbox-list__option_checked_false b-checkbox-list__option_disabled_false">Зерница</div><div title="Золотая семечка" class="b-checkbox-list__option b-checkbox-list__option_checked_false b-checkbox-list__option_disabled_false">Золотая семечка</div><div title="Золотой петушок" class="b-checkbox-list__option b-checkbox-list__option_checked_false b-checkbox-list__option_disabled_false">Золотой петушок</div><div title="Иваси" class="b-checkbox-list__option b-checkbox-list__option_checked_false b-checkbox-list__option_disabled_false">Иваси</div><div title="Индилайт" class="b-checkbox-list__option b-checkbox-list__option_checked_false b-checkbox-list__option_disabled_false">Индилайт</div><div title="Иней" class="b-checkbox-list__option b-checkbox-list__option_checked_false b-checkbox-list__option_disabled_false">Иней</div><div title="Инкерман" class="b-checkbox-list__option b-checkbox-list__option_checked_false b-checkbox-list__option_disabled_false">Инкерман</div><div title="Капитан Норд" class="b-checkbox-list__option b-checkbox-list__option_checked_false b-checkbox-list__option_disabled_false">Капитан Норд</div><div title="Каравай" class="b-checkbox-list__option b-checkbox-list__option_checked_false b-checkbox-list__option_disabled_false">Каравай</div><div title="Караван Сарай" class="b-checkbox-list__option b-checkbox-list__option_checked_false b-checkbox-list__option_disabled_false">Караван Сарай</div><div title="Карат Плюс" class="b-checkbox-list__option b-checkbox-list__option_checked_false b-checkbox-list__option_disabled_false">Карат Плюс</div><div title="Карельский бальзам" class="b-checkbox-list__option b-checkbox-list__option_checked_false b-checkbox-list__option_disabled_false">Карельский бальзам</div><div title="Каскад" class="b-checkbox-list__option b-checkbox-list__option_checked_false b-checkbox-list__option_disabled_false">Каскад</div><div title="Квант" class="b-checkbox-list__option b-checkbox-list__option_checked_false b-checkbox-list__option_disabled_false">Квант</div><div title="КД Посадъ" class="b-checkbox-list__option b-checkbox-list__option_checked_false b-checkbox-list__option_disabled_false">КД Посадъ</div><div title="Кизлярский" class="b-checkbox-list__option b-checkbox-list__option_checked_false b-checkbox-list__option_disabled_false">Кизлярский</div><div title="Киновский" class="b-checkbox-list__option b-checkbox-list__option_checked_false b-checkbox-list__option_disabled_false">Киновский</div><div title="Клинский мясокомбинат" class="b-checkbox-list__option b-checkbox-list__option_checked_false b-checkbox-list__option_disabled_false">Клинский мясокомбинат</div><div title="Комильфо" class="b-checkbox-list__option b-checkbox-list__option_checked_false b-checkbox-list__option_disabled_false">Комильфо</div><div title="Коммунарка" class="b-checkbox-list__option b-checkbox-list__option_checked_false b-checkbox-list__option_disabled_false">Коммунарка</div><div title="Конти" class="b-checkbox-list__option b-checkbox-list__option_checked_false b-checkbox-list__option_disabled_false">Конти</div><div title="Корела" class="b-checkbox-list__option b-checkbox-list__option_checked_false b-checkbox-list__option_disabled_false">Корела</div><div title="Коровка" class="b-checkbox-list__option b-checkbox-list__option_checked_false b-checkbox-list__option_disabled_false">Коровка</div><div title="Красный Октябрь" class="b-checkbox-list__option b-checkbox-list__option_checked_false b-checkbox-list__option_disabled_false">Красный Октябрь</div><div title="Кременкульское" class="b-checkbox-list__option b-checkbox-list__option_checked_false b-checkbox-list__option_disabled_false">Кременкульское</div><div title="Кремлина" class="b-checkbox-list__option b-checkbox-list__option_checked_false b-checkbox-list__option_disabled_false">Кремлина</div><div title="Крепкие традиции" class="b-checkbox-list__option b-checkbox-list__option_checked_false b-checkbox-list__option_disabled_false">Крепкие традиции</div><div title="Крымский Погребок" class="b-checkbox-list__option b-checkbox-list__option_checked_false b-checkbox-list__option_disabled_false">Крымский Погребок</div><div title="Кухмастер" class="b-checkbox-list__option b-checkbox-list__option_checked_false b-checkbox-list__option_disabled_false">Кухмастер</div><div title="Лакомства для здоровья" class="b-checkbox-list__option b-checkbox-list__option_checked_false b-checkbox-list__option_disabled_false">Лакомства для здоровья</div><div title="Левъ Голицынъ" class="b-checkbox-list__option b-checkbox-list__option_checked_false b-checkbox-list__option_disabled_false">Левъ Голицынъ</div><div title="Липецкая" class="b-checkbox-list__option b-checkbox-list__option_checked_false b-checkbox-list__option_disabled_false">Липецкая</div><div title="Ложкаревъ" class="b-checkbox-list__option b-checkbox-list__option_checked_false b-checkbox-list__option_disabled_false">Ложкаревъ</div><div title="Лыхны" class="b-checkbox-list__option b-checkbox-list__option_checked_false b-checkbox-list__option_disabled_false">Лыхны</div><div title="Мааг" class="b-checkbox-list__option b-checkbox-list__option_checked_false b-checkbox-list__option_disabled_false">Мааг</div><div title="Майский" class="b-checkbox-list__option b-checkbox-list__option_checked_false b-checkbox-list__option_disabled_false">Майский</div><div title="Малышок" class="b-checkbox-list__option b-checkbox-list__option_checked_false b-checkbox-list__option_disabled_false">Малышок</div><div title="Массандра" class="b-checkbox-list__option b-checkbox-list__option_checked_false b-checkbox-list__option_disabled_false">Массандра</div><div title="Махеевъ" class="b-checkbox-list__option b-checkbox-list__option_checked_false b-checkbox-list__option_disabled_false">Махеевъ</div><div title="Медвежонок Барни" class="b-checkbox-list__option b-checkbox-list__option_checked_false b-checkbox-list__option_disabled_false">Медвежонок Барни</div><div title="Медунок" class="b-checkbox-list__option b-checkbox-list__option_checked_false b-checkbox-list__option_disabled_false">Медунок</div><div title="Меридиан" class="b-checkbox-list__option b-checkbox-list__option_checked_false b-checkbox-list__option_disabled_false">Меридиан</div><div title="Мираторг" class="b-checkbox-list__option b-checkbox-list__option_checked_false b-checkbox-list__option_disabled_false">Мираторг</div><div title="Мистраль" class="b-checkbox-list__option b-checkbox-list__option_checked_false b-checkbox-list__option_disabled_false">Мистраль</div><div title="Мишаня" class="b-checkbox-list__option b-checkbox-list__option_checked_false b-checkbox-list__option_disabled_false">Мишаня</div><div title="Мишка Косолапый" class="b-checkbox-list__option b-checkbox-list__option_checked_false b-checkbox-list__option_disabled_false">Мишка Косолапый</div><div title="Мишки в лесу" class="b-checkbox-list__option b-checkbox-list__option_checked_false b-checkbox-list__option_disabled_false">Мишки в лесу</div><div title="Молочная культура" class="b-checkbox-list__option b-checkbox-list__option_checked_false b-checkbox-list__option_disabled_false">Молочная культура</div><div title="Морозко" class="b-checkbox-list__option b-checkbox-list__option_checked_false b-checkbox-list__option_disabled_false">Морозко</div><div title="Морошка" class="b-checkbox-list__option b-checkbox-list__option_checked_false b-checkbox-list__option_disabled_false">Морошка</div><div title="Морская планета" class="b-checkbox-list__option b-checkbox-list__option_checked_false b-checkbox-list__option_disabled_false">Морская планета</div><div title="Московская кофейня на паяхъ" class="b-checkbox-list__option b-checkbox-list__option_checked_false b-checkbox-list__option_disabled_false">Московская кофейня на паяхъ</div><div title="Мясная ферма" class="b-checkbox-list__option b-checkbox-list__option_checked_false b-checkbox-list__option_disabled_false">Мясная ферма</div><div title="Националь" class="b-checkbox-list__option b-checkbox-list__option_checked_false b-checkbox-list__option_disabled_false">Националь</div><div title="Невская сушка" class="b-checkbox-list__option b-checkbox-list__option_checked_false b-checkbox-list__option_disabled_false">Невская сушка</div><div title="Невские Берега" class="b-checkbox-list__option b-checkbox-list__option_checked_false b-checkbox-list__option_disabled_false">Невские Берега</div><div title="Невский кондитер" class="b-checkbox-list__option b-checkbox-list__option_checked_false b-checkbox-list__option_disabled_false">Невский кондитер</div><div title="Новгородский бекон" class="b-checkbox-list__option b-checkbox-list__option_checked_false b-checkbox-list__option_disabled_false">Новгородский бекон</div><div title="Ого!" class="b-checkbox-list__option b-checkbox-list__option_checked_false b-checkbox-list__option_disabled_false">Ого!</div><div title="Окраина" class="b-checkbox-list__option b-checkbox-list__option_checked_false b-checkbox-list__option_disabled_false">Окраина</div><div title="Ольховский Мк" class="b-checkbox-list__option b-checkbox-list__option_checked_false b-checkbox-list__option_disabled_false">Ольховский Мк</div><div title="Оредеж" class="b-checkbox-list__option b-checkbox-list__option_checked_false b-checkbox-list__option_disabled_false">Оредеж</div><div title="Останкино" class="b-checkbox-list__option b-checkbox-list__option_checked_false b-checkbox-list__option_disabled_false">Останкино</div><div title="От Мартина" class="b-checkbox-list__option b-checkbox-list__option_checked_false b-checkbox-list__option_disabled_false">От Мартина</div><div title="Пантенол" class="b-checkbox-list__option b-checkbox-list__option_checked_false b-checkbox-list__option_disabled_false">Пантенол</div><div title="Папа может" class="b-checkbox-list__option b-checkbox-list__option_checked_false b-checkbox-list__option_disabled_false">Папа может</div><div title="Пекарь" class="b-checkbox-list__option b-checkbox-list__option_checked_false b-checkbox-list__option_disabled_false">Пекарь</div><div title="Петелинка" class="b-checkbox-list__option b-checkbox-list__option_checked_false b-checkbox-list__option_disabled_false">Петелинка</div><div title="Петр Первый" class="b-checkbox-list__option b-checkbox-list__option_checked_false b-checkbox-list__option_disabled_false">Петр Первый</div><div title="Петруха" class="b-checkbox-list__option b-checkbox-list__option_checked_false b-checkbox-list__option_disabled_false">Петруха</div><div title="Пиканта" class="b-checkbox-list__option b-checkbox-list__option_checked_false b-checkbox-list__option_disabled_false">Пиканта</div><div title="Питейный дом" class="b-checkbox-list__option b-checkbox-list__option_checked_false b-checkbox-list__option_disabled_false">Питейный дом</div><div title="Победа вкуса" class="b-checkbox-list__option b-checkbox-list__option_checked_false b-checkbox-list__option_disabled_false">Победа вкуса</div><div title="Полет" class="b-checkbox-list__option b-checkbox-list__option_checked_false b-checkbox-list__option_disabled_false">Полет</div><div title="Помидорка" class="b-checkbox-list__option b-checkbox-list__option_checked_false b-checkbox-list__option_disabled_false">Помидорка</div><div title="Прелесть" class="b-checkbox-list__option b-checkbox-list__option_checked_false b-checkbox-list__option_disabled_false">Прелесть</div><div title="Простоквашино" class="b-checkbox-list__option b-checkbox-list__option_checked_false b-checkbox-list__option_disabled_false">Простоквашино</div><div title="Псоу" class="b-checkbox-list__option b-checkbox-list__option_checked_false b-checkbox-list__option_disabled_false">Псоу</div><div title="Птицефабрика Северная" class="b-checkbox-list__option b-checkbox-list__option_checked_false b-checkbox-list__option_disabled_false">Птицефабрика Северная</div><div title="Пчелка" class="b-checkbox-list__option b-checkbox-list__option_checked_false b-checkbox-list__option_disabled_false">Пчелка</div><div title="Пять звездочек" class="b-checkbox-list__option b-checkbox-list__option_checked_false b-checkbox-list__option_disabled_false">Пять звездочек</div><div title="Резной Палисад" class="b-checkbox-list__option b-checkbox-list__option_checked_false b-checkbox-list__option_disabled_false">Резной Палисад</div><div title="Ресторация обломов" class="b-checkbox-list__option b-checkbox-list__option_checked_false b-checkbox-list__option_disabled_false">Ресторация обломов</div><div title="Рестория" class="b-checkbox-list__option b-checkbox-list__option_checked_false b-checkbox-list__option_disabled_false">Рестория</div><div title="Рецепты бабушки Агафьи" class="b-checkbox-list__option b-checkbox-list__option_checked_false b-checkbox-list__option_disabled_false">Рецепты бабушки Агафьи</div><div title="Родные просторы" class="b-checkbox-list__option b-checkbox-list__option_checked_false b-checkbox-list__option_disabled_false">Родные просторы</div><div title="Роллтон" class="b-checkbox-list__option b-checkbox-list__option_checked_false b-checkbox-list__option_disabled_false">Роллтон</div><div title="Ростагрокомплекс" class="b-checkbox-list__option b-checkbox-list__option_checked_false b-checkbox-list__option_disabled_false">Ростагрокомплекс</div><div title="Рот Фронт" class="b-checkbox-list__option b-checkbox-list__option_checked_false b-checkbox-list__option_disabled_false">Рот Фронт</div><div title="Русская картошка" class="b-checkbox-list__option b-checkbox-list__option_checked_false b-checkbox-list__option_disabled_false">Русская картошка</div><div title="Русская Лоза" class="b-checkbox-list__option b-checkbox-list__option_checked_false b-checkbox-list__option_disabled_false">Русская Лоза</div><div title="Русский Продукт" class="b-checkbox-list__option b-checkbox-list__option_checked_false b-checkbox-list__option_disabled_false">Русский Продукт</div><div title="Русский Стандарт" class="b-checkbox-list__option b-checkbox-list__option_checked_false b-checkbox-list__option_disabled_false">Русский Стандарт</div><div title="Русский Узор" class="b-checkbox-list__option b-checkbox-list__option_checked_false b-checkbox-list__option_disabled_false">Русский Узор</div><div title="Рыбная кухня" class="b-checkbox-list__option b-checkbox-list__option_checked_false b-checkbox-list__option_disabled_false">Рыбная кухня</div><div title="С пылу с жару" class="b-checkbox-list__option b-checkbox-list__option_checked_false b-checkbox-list__option_disabled_false">С пылу с жару</div><div title="Сhateau Tamagne" class="b-checkbox-list__option b-checkbox-list__option_checked_false b-checkbox-list__option_disabled_false">Сhateau Tamagne</div><div title="Санта бремор" class="b-checkbox-list__option b-checkbox-list__option_checked_false b-checkbox-list__option_disabled_false">Санта бремор</div><div title="Сарафаново" class="b-checkbox-list__option b-checkbox-list__option_checked_false b-checkbox-list__option_disabled_false">Сарафаново</div><div title="Саят-Нова" class="b-checkbox-list__option b-checkbox-list__option_checked_false b-checkbox-list__option_disabled_false">Саят-Нова</div><div title="Свежее Завтра" class="b-checkbox-list__option b-checkbox-list__option_checked_false b-checkbox-list__option_disabled_false">Свежее Завтра</div><div title="Свитлогорье" class="b-checkbox-list__option b-checkbox-list__option_checked_false b-checkbox-list__option_disabled_false">Свитлогорье</div><div title="Святой Источник" class="b-checkbox-list__option b-checkbox-list__option_checked_false b-checkbox-list__option_disabled_false">Святой Источник</div><div title="Сдобная особа" class="b-checkbox-list__option b-checkbox-list__option_checked_false b-checkbox-list__option_disabled_false">Сдобная особа</div><div title="Селяночка" class="b-checkbox-list__option b-checkbox-list__option_checked_false b-checkbox-list__option_disabled_false">Селяночка</div><div title="Сибирская коллекция" class="b-checkbox-list__option b-checkbox-list__option_checked_false b-checkbox-list__option_disabled_false">Сибирская коллекция</div><div title="Сияние" class="b-checkbox-list__option b-checkbox-list__option_checked_false b-checkbox-list__option_disabled_false">Сияние</div><div title="Славянка" class="b-checkbox-list__option b-checkbox-list__option_checked_false b-checkbox-list__option_disabled_false">Славянка</div><div title="Славянские традиции" class="b-checkbox-list__option b-checkbox-list__option_checked_false b-checkbox-list__option_disabled_false">Славянские традиции</div><div title="Слобода" class="b-checkbox-list__option b-checkbox-list__option_checked_false b-checkbox-list__option_disabled_false">Слобода</div><div title="Слово мясника" class="b-checkbox-list__option b-checkbox-list__option_checked_false b-checkbox-list__option_disabled_false">Слово мясника</div><div title="Старейшина" class="b-checkbox-list__option b-checkbox-list__option_checked_false b-checkbox-list__option_disabled_false">Старейшина</div><div title="Стародворские колбасы" class="b-checkbox-list__option b-checkbox-list__option_checked_false b-checkbox-list__option_disabled_false">Стародворские колбасы</div><div title="Стародворье" class="b-checkbox-list__option b-checkbox-list__option_checked_false b-checkbox-list__option_disabled_false">Стародворье</div><div title="Стебель бамбука" class="b-checkbox-list__option b-checkbox-list__option_checked_false b-checkbox-list__option_disabled_false">Стебель бамбука</div><div title="Степ" class="b-checkbox-list__option b-checkbox-list__option_checked_false b-checkbox-list__option_disabled_false">Степ</div><div title="Сытый папа" class="b-checkbox-list__option b-checkbox-list__option_checked_false b-checkbox-list__option_disabled_false">Сытый папа</div><div title="Таранька" class="b-checkbox-list__option b-checkbox-list__option_checked_false b-checkbox-list__option_disabled_false">Таранька</div><div title="Тема" class="b-checkbox-list__option b-checkbox-list__option_checked_false b-checkbox-list__option_disabled_false">Тема</div><div title="Тесей" class="b-checkbox-list__option b-checkbox-list__option_checked_false b-checkbox-list__option_disabled_false">Тесей</div><div title="Три старика" class="b-checkbox-list__option b-checkbox-list__option_checked_false b-checkbox-list__option_disabled_false">Три старика</div><div title="Тысяча озер" class="b-checkbox-list__option b-checkbox-list__option_checked_false b-checkbox-list__option_disabled_false">Тысяча озер</div><div title="Ухтышки" class="b-checkbox-list__option b-checkbox-list__option_checked_false b-checkbox-list__option_disabled_false">Ухтышки</div><div title="Фабрика имени Крупской" class="b-checkbox-list__option b-checkbox-list__option_checked_false b-checkbox-list__option_disabled_false">Фабрика имени Крупской</div><div title="Фанагория" class="b-checkbox-list__option b-checkbox-list__option_checked_false b-checkbox-list__option_disabled_false">Фанагория</div><div title="Фили-Бейкер" class="b-checkbox-list__option b-checkbox-list__option_checked_false b-checkbox-list__option_disabled_false">Фили-Бейкер</div><div title="Фрутоняня" class="b-checkbox-list__option b-checkbox-list__option_checked_false b-checkbox-list__option_disabled_false">Фрутоняня</div><div title="Хлебный дом" class="b-checkbox-list__option b-checkbox-list__option_checked_false b-checkbox-list__option_disabled_false">Хлебный дом</div><div title="Хрутка" class="b-checkbox-list__option b-checkbox-list__option_checked_false b-checkbox-list__option_disabled_false">Хрутка</div><div title="Царская" class="b-checkbox-list__option b-checkbox-list__option_checked_false b-checkbox-list__option_disabled_false">Царская</div><div title="Цезарь" class="b-checkbox-list__option b-checkbox-list__option_checked_false b-checkbox-list__option_disabled_false">Цезарь</div><div title="Чегем" class="b-checkbox-list__option b-checkbox-list__option_checked_false b-checkbox-list__option_disabled_false">Чегем</div><div title="Черкизово" class="b-checkbox-list__option b-checkbox-list__option_checked_false b-checkbox-list__option_disabled_false">Черкизово</div><div title="Черный кабан" class="b-checkbox-list__option b-checkbox-list__option_checked_false b-checkbox-list__option_disabled_false">Черный кабан</div><div title="Четверг" class="b-checkbox-list__option b-checkbox-list__option_checked_false b-checkbox-list__option_disabled_false">Четверг</div><div title="Чистая линия" class="b-checkbox-list__option b-checkbox-list__option_checked_false b-checkbox-list__option_disabled_false">Чистая линия</div><div title="Чёрная карта" class="b-checkbox-list__option b-checkbox-list__option_checked_false b-checkbox-list__option_disabled_false">Чёрная карта</div><div title="Шарлиз" class="b-checkbox-list__option b-checkbox-list__option_checked_false b-checkbox-list__option_disabled_false">Шарлиз</div><div title="Шебекинские" class="b-checkbox-list__option b-checkbox-list__option_checked_false b-checkbox-list__option_disabled_false">Шебекинские</div><div title="Шишкин лес" class="b-checkbox-list__option b-checkbox-list__option_checked_false b-checkbox-list__option_disabled_false">Шишкин лес</div><div title="Шоколадница" class="b-checkbox-list__option b-checkbox-list__option_checked_false b-checkbox-list__option_disabled_false">Шоколадница</div><div title="Шоколадное" class="b-checkbox-list__option b-checkbox-list__option_checked_false b-checkbox-list__option_disabled_false">Шоколадное</div><div title="Щедрые" class="b-checkbox-list__option b-checkbox-list__option_checked_false b-checkbox-list__option_disabled_false">Щедрые</div><div title="Эго" class="b-checkbox-list__option b-checkbox-list__option_checked_false b-checkbox-list__option_disabled_false">Эго</div><div title="Экомилк" class="b-checkbox-list__option b-checkbox-list__option_checked_false b-checkbox-list__option_disabled_false">Экомилк</div><div title="Эшера" class="b-checkbox-list__option b-checkbox-list__option_checked_false b-checkbox-list__option_disabled_false">Эшера</div><div title="Юбилейное" class="b-checkbox-list__option b-checkbox-list__option_checked_false b-checkbox-list__option_disabled_false">Юбилейное</div><div title="Яровое поле" class="b-checkbox-list__option b-checkbox-list__option_checked_false b-checkbox-list__option_disabled_false">Яровое поле</div><div title="Ясно Солнышко" class="b-checkbox-list__option b-checkbox-list__option_checked_false b-checkbox-list__option_disabled_false">Ясно Солнышко</div><div title="Яшкино" class="b-checkbox-list__option b-checkbox-list__option_checked_false b-checkbox-list__option_disabled_false">Яшкино</div><div title="№1" class="b-checkbox-list__option b-checkbox-list__option_checked_false b-checkbox-list__option_disabled_false">№1</div></div></div></div></div> <div class="b-accordion b-accordion_disabled_false"><div class="b-accordion__root"><div class="b-accordion__item1"><div class="b-accordion__item1-title b-accordion__item1-title_current_true b-accordion__item1-title_disabled_false b-accordion__item1-title_opened_false">Все категории</div> <!----></div><div class="b-accordion__item1"><a href="/sankt-peterburg/retailers/5ka?segment=food" class="b-accordion__item1-title b-accordion__item1-title_selected_false b-accordion__item1-title_opened_false">Продукты</a> <!----></div><div class="b-accordion__item1"><a href="/sankt-peterburg/retailers/5ka?segment=alcohol" class="b-accordion__item1-title b-accordion__item1-title_selected_false b-accordion__item1-title_opened_false">Алкоголь</a> <!----></div><div class="b-accordion__item1"><a href="/sankt-peterburg/retailers/5ka?segment=home-stuff" class="b-accordion__item1-title b-accordion__item1-title_selected_false b-accordion__item1-title_opened_false">Для дома</a> <!----></div><div class="b-accordion__item1"><a href="/sankt-peterburg/retailers/5ka?segment=cosmetics-hygiene" class="b-accordion__item1-title b-accordion__item1-title_selected_false b-accordion__item1-title_opened_false">Косметика и гигиена</a> <!----></div><div class="b-accordion__item1"><a href="/sankt-peterburg/retailers/5ka?segment=for-kids" class="b-accordion__item1-title b-accordion__item1-title_selected_false b-accordion__item1-title_opened_false">Для детей</a> <!----></div><div class="b-accordion__item1"><a href="/sankt-peterburg/retailers/5ka?segment=pet-supplies" class="b-accordion__item1-title b-accordion__item1-title_selected_false b-accordion__item1-title_opened_false">Зоотовары</a> <!----></div><div class="b-accordion__item1"><a href="/sankt-peterburg/retailers/5ka?segment=mkt-summer-residence-garden-and-kitchen-garden-953" class="b-accordion__item1-title b-accordion__item1-title_selected_false b-accordion__item1-title_opened_false">Дача, сад и огород</a> <!----></div></div></div> <div id="sidebar_place" class="p-retailer__rtb-block p-retailer__rtb-block_type_sidebar"><div id="rtb-R-I-338751-2-6-a852cc4f6d6b" class="rtb-output-1e8a7e6b24bf6b"><yatag class="h36bd0a9a j7d442c48"><style type="text/css">.j7d442c48{opacity: !important;white-space:normal !important;visibility:visible !important}.j7d442c48,.j7d442c48 yatag{display:block !important;font-family:inherit !important}.j7d442c48,.j7d442c48,.j7d442c48 a,.j7d442c48 b,.j7d442c48 em,.j7d442c48 iframe,.j7d442c48 img,.j7d442c48 table,.j7d442c48 tbody,.j7d442c48 td,.j7d442c48 tr,.j7d442c48 yatag{-webkit-box-sizing:content-box !important;box-sizing:content-box !important;color:inherit !important;font-size:inherit !important;font-weight:inherit !important;-webkit-hyphens:manual !important;-ms-hyphens:manual !important;hyphens:manual !important;-webkit-transition:none !important;-o-transition:none !important;transition:none !important}.j7d442c48,.j7d442c48 a,.j7d442c48 b,.j7d442c48 em,.j7d442c48 iframe,.j7d442c48 img,.j7d442c48 table,.j7d442c48 tbody,.j7d442c48 td,.j7d442c48 tr{background:none !important;border:none !important;border-radius:0 !important;border-spacing:0 !important;border-collapse:collapse !important;clear:none !important;float:none !important;font-variant:normal !important;letter-spacing:normal !important;line-height:normal !important;margin:0 !important;max-height:none !important;max-width:none !important;min-height:0 !important;min-width:0 !important;outline:none !important;padding:0 !important;position:static !important;text-align:left !important;text-decoration:none !important;text-indent:0 !important;text-transform:none !important;vertical-align:baseline !important;visibility:inherit !important;word-spacing:normal !important}.j7d442c48,.j7d442c48 a,.j7d442c48 b,.j7d442c48 em,.j7d442c48 img,.j7d442c48 table,.j7d442c48 tbody,.j7d442c48 td,.j7d442c48 tr{height:auto !important}.j7d442c48 table{display:table !important;empty-cells:hide !important;table-layout:fixed !important}.j7d442c48 table,.j7d442c48 td{font-size:100% !important}.j7d442c48 td{display:table-cell !important;vertical-align:middle !important}.j7d442c48{width:auto !important;height:auto !important;overflow:visible !important}.j7d442c48 .e21519817{position:relative !important;margin:auto !important;display:-webkit-box !important;display:-ms-flexbox !important;display:flex !important;-webkit-box-pack:center !important;-ms-flex-pack:center !important;justify-content:center !important;-webkit-box-align:center !important;-ms-flex-align:center !important;align-items:center !important;overflow:hidden !important}.j7d442c48 .o942ed237{padding:10px 16px 86px !important}.j7d442c48 .q29ee3838,.j7d442c48 .w867c239a{position:absolute !important;z-index:1 !important;top:0 !important;left:0 !important;right:0 !important;bottom:0 !important;width:100% !important;height:100% !important;display:none !important}.j7d442c48 .b7f1d569f{width:100% !important;height:100% !important;position:absolute !important;pointer-events:none !important}.j7d442c48 .e74783a50{position:relative !important;z-index:2 !important}.j7d442c48 .l9381b27{position:relative !important;top:0 !important;left:0 !important;width:100% !important;height:100% !important;-webkit-transform-origin:0 0 !important;transform-origin:0 0 !important}.j7d442c48 .l9381b27 iframe{position:absolute !important;top:0 !important;left:0 !important;width:100% !important;height:100% !important}.j7d442c48 .ecafee6f8{position:absolute !important;width:100% !important;right:0 !important;top:0 !important;z-index:20 !important}.j7d442c48 .vae5eeae0{position:absolute !important;z-index:21 !important;top:0 !important;left:0 !important;width:100% !important;height:100% !important}.j7d442c48 .b3adc0a12{position:absolute !important;top:0 !important;left:0 !important;z-index:10 !important;height:16px !important;padding:0 4px !important;font-size:11px !important;line-height:16px !important;color:#000 !important;text-decoration:none !important;background:#fff !important;border:1px solid #e5e5e5 !important;border-bottom-right-radius:3px !important;cursor:pointer !important}.j7d442c48 .he0a3a1d6{border:1px solid #303050 !important}.j7d442c48 .p4be3832{max-width:100% !important;max-height:100% !important}.j7d442c48 .p4be3832 .q29ee3838,.j7d442c48 .p4be3832 .w867c239a{display:block !important}.j7d442c48 .p4be3832 .w867c239a{-webkit-filter:blur(10px) saturate(0) contrast(400%) !important;filter:blur(10px) saturate(0) contrast(400%) !important}.j7d442c48 .p4be3832 .q29ee3838{background-color:rgba(38,38,38,.9) !important}.j7d442c48 .j522bab94{-webkit-box-pack:start !important;-ms-flex-pack:start !important;justify-content:flex-start !important}.j7d442c48 .j66789620,.j7d442c48 .s6c332f48{visibility:hidden !important;opacity:0 !important}.j7d442c48 .s6c332f48{max-width:1px !important;max-height:1px !important}.j7d442c48 .id641612{position:absolute !important;bottom:20px !important;left:16px !important;right:16px !important;z-index:3 !important;display:-webkit-box !important;display:-ms-flexbox !important;display:flex !important}@media (orientation:landscape){.j7d442c48 .id641612{margin:0 auto !important;width:260px !important}}.j7d442c48 .n2f69a781{height:48px !important;line-height:48px !important;font-size:16px !important;border-radius:8px !important;text-align:center !important;font-weight:700 !important;-ms-flex-item-align:stretch !important;align-self:stretch !important;padding:0 20px !important;white-space:nowrap !important;min-width:0 !important}.j7d442c48 .uddb4423a{background:-webkit-gradient(linear,left top,left bottom,from(#efefef),to(#e5e5e5)) !important;background:-o-linear-gradient(top,#efefef 0,#e5e5e5 100%) !important;background:linear-gradient(180deg,#efefef,#e5e5e5) !important;margin-right:8px !important;-webkit-box-flex:2 !important;-ms-flex:2 1 !important;flex:2 1 !important}.j7d442c48 .ofad6c5e4{background:-webkit-gradient(linear,left top,right top,color-stop(-40%,#f60),color-stop(20%,rgba(255,102,0,0))),-webkit-gradient(linear,right top,left top,color-stop(-40%,#f60),color-stop(20%,rgba(255,102,0,0))),-webkit-gradient(linear,left bottom,left top,color-stop(-80%,#f60),color-stop(80%,#fd0)) !important;background:-o-linear-gradient(left,#f60 -40%,rgba(255,102,0,0) 20%),-o-linear-gradient(right,#f60 -40%,rgba(255,102,0,0) 20%),-o-linear-gradient(bottom,#f60 -80%,#fd0 80%) !important;background:linear-gradient(90deg,#f60 -40%,rgba(255,102,0,0) 20%),linear-gradient(270deg,#f60 -40%,rgba(255,102,0,0) 20%),linear-gradient(0deg,#f60 -80%,#fd0 80%) !important;-webkit-box-flex:3 !important;-ms-flex:3 1 !important;flex:3 1 !important}.j7d442c48 .k24d7cd0e{display:inline-block !important;margin-left:8px !important}.j7d442c48 .kf2576b27{position:absolute !important;left:-1000px !important;top:-1000px !important;width:1px !important;height:1px !important;display:block !important}.j7d442c48 .w56345d29{cursor:pointer !important;position:absolute !important;right:4px !important;top:4px !important;z-index:10 !important}.j7d442c48 .uf6f4f67c.w56345d29{display:-webkit-box !important;display:-ms-flexbox !important;display:flex !important;-webkit-box-align:center !important;-ms-flex-align:center !important;align-items:center !important;-webkit-box-pack:center !important;-ms-flex-pack:center !important;justify-content:center !important;pointer-events:auto !important;border-radius:50% !important;-webkit-user-select:none !important;-moz-user-select:none !important;-ms-user-select:none !important;user-select:none !important;-webkit-tap-highlight-color:transparent !important}.j7d442c48 .uf6f4f67c.w56345d29:before{content:"" !important;position:absolute !important;top:-4px !important;left:50% !important;-webkit-transform:translateX(-50%) !important;transform:translateX(-50%) !important}.j7d442c48 .uf6f4f67c.w56345d29:hover .r280c7819{opacity:.8 !important}.j7d442c48 .uf6f4f67c.w56345d29.r8e22e7d2 .r280c7819{background-color:#fff !important;opacity:.8 !important}.j7d442c48 .uf6f4f67c.w56345d29.r8e22e7d2 .rcc8bb157 svg{fill:#575c66 !important}.j7d442c48 .uf6f4f67c.w56345d29.h9b77634a .r280c7819,.j7d442c48 .uf6f4f67c.w56345d29.ic8e0b828 .r280c7819{background:none !important}.j7d442c48 .uf6f4f67c.w56345d29.h9b77634a:hover{background-color:#e9e9e9 !important}.j7d442c48 .uf6f4f67c.w56345d29.h9b77634a .rcc8bb157 svg{fill:#242526 !important}.j7d442c48 .uf6f4f67c.w56345d29.h9b77634a .n520366b{color:#242526 !important}.j7d442c48 .uf6f4f67c.w56345d29.ic8e0b828:hover{background-color:rgba(248,250,255,.2) !important}.j7d442c48 .uf6f4f67c.w56345d29.ic8e0b828 .rcc8bb157 svg{fill:#fff !important}.j7d442c48 .uf6f4f67c.w56345d29.ic8e0b828 .n520366b{color:#fff !important}.j7d442c48 .uf6f4f67c.id542e1c7{width:12px !important;height:12px !important}.j7d442c48 .uf6f4f67c.id542e1c7:before{width:28px !important;height:28px !important}.j7d442c48 .uf6f4f67c.id542e1c7 .rcc8bb157{-webkit-transform:scale(.6) !important;transform:scale(.6) !important}.j7d442c48 .uf6f4f67c.qd3eeaa7f{width:16px !important;height:16px !important}.j7d442c48 .uf6f4f67c.qd3eeaa7f:before{width:32px !important;height:32px !important}.j7d442c48 .uf6f4f67c.qd3eeaa7f .rcc8bb157{-webkit-transform:scale(.8) !important;transform:scale(.8) !important}.j7d442c48 .uf6f4f67c.v8a568b21{width:24px !important;height:24px !important}.j7d442c48 .uf6f4f67c.v8a568b21:before{width:42px !important;height:42px !important}.j7d442c48 .uf6f4f67c.e6b22fd00{width:28px !important;height:28px !important}.j7d442c48 .uf6f4f67c.e6b22fd00:before{width:42px !important;height:42px !important}.j7d442c48 .uf6f4f67c.j5c1bd958{width:32px !important;height:32px !important}.j7d442c48 .uf6f4f67c.j5c1bd958:before{width:48px !important;height:48px !important}.j7d442c48 .r280c7819{height:100% !important;width:100% !important;position:absolute !important;top:0 !important;left:0 !important;z-index:-1 !important;border-radius:inherit !important;-webkit-transition:opacity .15s !important;-o-transition:opacity .15s !important;transition:opacity .15s !important;-webkit-transition:background-color .5s ease-in-out !important;-o-transition:background-color .5s ease-in-out !important;transition:background-color .5s ease-in-out !important}.j7d442c48 .r280c7819.b292efad6{background:rgba(26,43,77,.4) !important;color:#fff !important}.j7d442c48 .r280c7819.b292efad6:hover{opacity:.5 !important}.j7d442c48 .r280c7819.f45a9be34{background:hsla(0,0%,100%,.8) !important;color:#3a3c40 !important}.j7d442c48 .r280c7819.f45a9be34:hover{opacity:.9 !important}.j7d442c48 .r280c7819.j76402753{background:none !important}.j7d442c48 .uf6f4f67c .rcc8bb157{display:-webkit-box !important;display:-ms-flexbox !important;display:flex !important;-webkit-box-align:center !important;-ms-flex-align:center !important;align-items:center !important;-webkit-box-pack:center !important;-ms-flex-pack:center !important;justify-content:center !important;pointer-events:none !important}.j7d442c48 .uf6f4f67c .rcc8bb157.b292efad6 svg{fill:#fff !important}.j7d442c48 .uf6f4f67c .rcc8bb157.b292efad6 svg,.j7d442c48 .uf6f4f67c .rcc8bb157.f45a9be34 svg{-webkit-transition:fill .5s ease-in-out !important;-o-transition:fill .5s ease-in-out !important;transition:fill .5s ease-in-out !important}.j7d442c48 .uf6f4f67c .rcc8bb157.f45a9be34 svg{fill:#242526 !important}.j7d442c48 .n520366b{display:-webkit-box !important;display:-ms-flexbox !important;display:flex !important;-webkit-box-align:center !important;-ms-flex-align:center !important;align-items:center !important;-webkit-box-pack:center !important;-ms-flex-pack:center !important;justify-content:center !important;pointer-events:none !important}.j7d442c48 .n520366b.b292efad6{color:#fff !important}.j7d442c48 .n520366b.f45a9be34{color:#242526 !important}@-webkit-keyframes f6cf41f39{0%,to{opacity:0 !important;visibility:hidden !important}4%,96%{visibility:visible !important;opacity:1 !important}}@keyframes f6cf41f39{0%,to{opacity:0 !important;visibility:hidden !important}4%,96%{visibility:visible !important;opacity:1 !important}}@media (hover:hover) and (pointer:fine){.j7d442c48 .se98c27d8:hover .m6ff44f03{opacity:0 !important;visibility:hidden !important}.j7d442c48 .se98c27d8:hover .f52914a36{visibility:visible !important;opacity:1 !important}.j7d442c48 .se98c27d8[data-active]:hover .f52914a36{opacity:0 !important;visibility:hidden !important}.j7d442c48 .se98c27d8[data-active]:hover .m6ff44f03{visibility:visible !important;opacity:1 !important}}.j7d442c48 .se98c27d8.i9af3c68{right:45px !important}.j7d442c48 .se98c27d8.i9af3c68 .p66bbe2c3.m6ff44f03{-webkit-transform:translateX(41px) !important;transform:translateX(41px) !important}.j7d442c48 .se98c27d8.i9af3c68 .p66bbe2c3.m6ff44f03 .ha944f37a{-webkit-transform:translateX(-43px) !important;transform:translateX(-43px) !important}.j7d442c48 .se98c27d8{right:36px !important;width:32px !important}.j7d442c48 .se98c27d8[data-active] svg{color:#ee4f4f !important;fill:#ee4f4f !important}.j7d442c48 .se98c27d8[data-active] .m6ff44f03{-webkit-animation:f6cf41f39 8s linear !important;animation:f6cf41f39 8s linear !important}.j7d442c48 .se98c27d8 .p66bbe2c3{position:absolute !important;color:#fff !important;opacity:0 !important;visibility:hidden !important;white-space:nowrap !important;top:29px !important;right:50% !important;-webkit-transform:translateX(50%) !important;transform:translateX(50%) !important;background:#343334 !important;border-radius:6px !important;padding:0 8px !important;height:24px !important;line-height:24px !important;font-size:11px !important;-webkit-transition:all .2s !important;-o-transition:all .2s !important;transition:all .2s !important}.j7d442c48 .se98c27d8 .p66bbe2c3.m6ff44f03{-webkit-transform:translateX(32px) !important;transform:translateX(32px) !important;right:0 !important}.j7d442c48 .se98c27d8 .p66bbe2c3.m6ff44f03 .ha944f37a{right:0 !important;-webkit-transform:translateX(-34px) !important;transform:translateX(-34px) !important}.j7d442c48 .se98c27d8 .p66bbe2c3 .acea5627e{font-size:11px !important}.j7d442c48 .se98c27d8 .p66bbe2c3 .ha944f37a{width:28px !important;height:8px !important;position:absolute !important;top:-6px !important;right:50% !important;-webkit-transform:translateX(50%) !important;transform:translateX(50%) !important;display:-webkit-box !important;display:-ms-flexbox !important;display:flex !important;-webkit-box-align:center !important;-ms-flex-align:center !important;align-items:center !important;-webkit-box-pack:center !important;-ms-flex-pack:center !important;justify-content:center !important}.j7d442c48 .se98c27d8 .p66bbe2c3 .p2bfb0763{color:#ffd400 !important;text-decoration:none !important;text-transform:lowercase !important}.j7d442c48 .sb7df4850{margin-left:2px !important;pointer-events:auto !important;font-family:inherit !important;position:relative !important;-ms-flex-item-align:center !important;align-self:center !important}.j7d442c48 .wf74a9075{display:-webkit-box !important;display:-ms-flexbox !important;display:flex !important;-webkit-box-align:center !important;-ms-flex-align:center !important;align-items:center !important;cursor:pointer !important;position:absolute !important;left:4px !important;top:4px !important;z-index:10 !important;font-family:Helvetica,Arial,sans-serif !important;white-space:nowrap !important;height:12px !important;line-height:normal !important;-webkit-box-sizing:border-box !important;box-sizing:border-box !important;padding:0 4px !important;color:hsla(0,0%,100%,.8) !important;border-radius:16px !important;font-size:8px !important;text-transform:uppercase !important;letter-spacing:.125em !important;pointer-events:none !important;-webkit-transition:color .5s ease-in-out !important;-o-transition:color .5s ease-in-out !important;transition:color .5s ease-in-out !important}.j7d442c48 .wf74a9075,.j7d442c48 .wf74a9075>a{text-decoration:none !important}.j7d442c48 .wf74a9075>a{color:inherit !important}.j7d442c48 .wf74a9075.r8e22e7d2{color:#575c66 !important;background-color:#fff !important;opacity:.8 !important}.j7d442c48 .wf74a9075.h9b77634a,.j7d442c48 .wf74a9075.f45a9be34{color:#3a3c40 !important}.j7d442c48 .wf74a9075.f45a9be34{background:hsla(0,0%,100%,.8) !important}.j7d442c48 .wf74a9075.b292efad6,.j7d442c48 .wf74a9075.ic8e0b828{color:#fff !important}.j7d442c48 .wf74a9075.b292efad6{background:rgba(26,43,77,.4) !important}.j7d442c48 .wf74a9075.b4e81ad15,.j7d442c48 .wf74a9075.a84627c29{top:auto !important;left:auto !important;right:0 !important;bottom:0 !important;background:none !important;text-shadow:none !important;font-size:7px !important;padding:0 !important;height:auto !important;opacity:.8 !important;-webkit-backdrop-filter:none !important;backdrop-filter:none !important}.j7d442c48 .wf74a9075.j76402753{background:none !important}.j7d442c48 .wf74a9075.b8f3aa05{max-width:calc(100% - 42px) !important}.j7d442c48 .kb599b41a{margin:0 2px !important}.j7d442c48 .c37b30756{text-decoration:none !important;pointer-events:auto !important;color:inherit !important}.j7d442c48 .c55327b1d{position:absolute !important;right:-2px !important;top:0 !important;z-index:9 !important;pointer-events:auto !important}.j7d442c48 .m7b3060f0{background:red !important}</style><yatag class="kf2576b27"></yatag><yatag class="e21519817 m5f0e643f i1ff27fa3"><yatag class="e74783a50" style="width: 264px !important; height: 440px !important;"><yatag id="ya_partner_R-I-338751-2-6" class="l9381b27" style="width: 240px !important; height: 400px !important; transform: scale(1.1) !important;"><iframe frameborder="no" scrolling="no" allowtransparency="true" hidefocus="true" tabindex="-1" marginwidth="0" marginheight="0" src="https://yastatic.net/safeframe-bundles/0.83/1-1-0/protected/render.html" sandbox="allow-same-origin allow-popups allow-popups-to-escape-sandbox allow-scripts allow-forms" id="id5079" style="opacity: 1;"></iframe></yatag><yatag class="wf74a9075 r8e22e7d2" data-test="AdKebabAndLabel--adLabelContent" data-label="true"><a data-test="AdKebabAndLabel--link" class="c37b30756" href="https://yandex.ru/socialads-transparency-report" target="_blank"><yatag data-sociallabel="1">Соцреклама</yatag></a></yatag><yatag class="ecafee6f8 sd2dcca7e r741777e"><yatag data-close="true" data-new-adtune="true" data-sticky-adtune="false" class="uf6f4f67c w56345d29 r8e22e7d2 v8a568b21"><yatag class="r280c7819 j76402753"></yatag><yatag class="rcc8bb157"><svg width="8" height="20" viewBox="0 0 8 20" fill="white" xmlns="http://www.w3.org/2000/svg"><circle cx="4" cy="4" r="1.5"></circle><circle cx="4" cy="10" r="1.5"></circle><circle cx="4" cy="16" r="1.5"></circle></svg></yatag></yatag></yatag></yatag></yatag></yatag></div></div></div></div></div> <div class="b-loader b-root__loader b-loader_disabled_false b-loader_size_m b-loader_show_false b-loader_deffer-hiding_true"><div class="b-loader__root"><div class="b-loader__container"></div></div></div></div> <footer class="b-footer b-footer_disabled_false b-root__footer"><span class="b-footer__root"><div class="b-footer__footer-line"><div class="b-footer__container"><div class="b-footer__column"><div class="b-footer__link">Помощь</div><a href="https://corp.edadeal.ru/help" class="b-footer__link">Инструкции и советы</a> <a href="https://feedback.edadeal.ru/default" class="b-footer__link">Написать в поддержку</a> <a href="https://corp.edadeal.ru/legal" class="b-footer__link">Правовые документы</a></div><div class="b-footer__column"><div class="b-footer__link">Партнерство</div><a href="https://business.edadeal.ru" class="b-footer__link">Едадил для бизнеса</a></div><div class="b-footer__column"><div class="b-footer__link">Едадил в соцсетях</div><a href="https://vk.com/edadeal" class="b-footer__link">ВКонтакте</a> <a href="https://t.me/edadeal_official" class="b-footer__link">Телеграм</a></div><div class="b-footer__column"><div class="b-footer__link">Для СМИ</div><a href="mailto:pr@yandex-team.ru" class="b-footer__link b-footer__link_type_mailto">pr@yandex-team.ru</a></div><div class="b-footer__column"><div class="b-footer__link">Правообладателям</div><a href="https://corp.edadeal.ru/legal#copyright" class="b-footer__link">О предъявлении претензий</a></div></div></div> <div class="b-footer__footer-line"><div class="b-footer__container"><div class="b-footer__column"><div class="b-footer__copyright">© Едадил, 2022</div> <div class="b-footer__version"><div class="b-footer__semver">v4.10.0</div> <div class="b-footer__build">(b: 76e1987d134280)</div></div></div> <div class="b-footer__description">App Store является знаком обслуживания компании Apple Inc. Google Play и логотип Google Play<br> являются товарными знаками корпорации Google LLC. HUAWEI и логотип HUAWEI являются товарными<br> знаками компании Huawei Technologies Co., Ltd.</div></div></div></span></footer></div> <div class="b-action-message b-action-message_disabled_false"><div class="b-action-message__root"></div></div> <div class="b-action-message b-action-message_disabled_false"><div class="b-action-message__root"></div></div>   <!----></div> <iframe src="https://sso.passport.yandex.ru/pull?origin=https%3A%2F%2Fedadeal.ru%2Fsankt-peterburg%2Fretailers%2F5ka%3Fpage%3D1&amp;uuid=83c9c990-62b3-4785-b501-0bfca61597ac" style="position: absolute; left: -1000px; top: -1000px;"></iframe><style nonce="">.rtb-output-1e8a7e6b24bf6b {display:-webkit-box;display:-ms-flexbox;display:flex;-webkit-box-pack:center;-ms-flex-pack:center;justify-content:center;width:100%;height:auto;}</style><div style="position: fixed; left: -99px;"><div id="78c270a294"><iframe frameborder="no" scrolling="no" allowtransparency="true" hidefocus="true" tabindex="-1" marginwidth="0" marginheight="0" src="https://yastatic.net/safeframe-bundles/0.83/1-1-0/render.html" id="id251" style="opacity: 1;"></iframe></div></div></body></html><html><head> <meta charset="utf-8"> <title>Каталог магазина "Пятёрочка" - Акции с 1 августа по 31 августа</title> <link crossorigin="use-credentials" rel="manifest" href="https://edadeal.ru/manifest.json"> <meta name="description" content="Скидки и акции в магазине &quot;Пятёрочка&quot; на сегодня в Санкт-Петербурге. Актуальный каталог скидок c 1&nbsp;августа по 31&nbsp;августа на сайте и в мобильном приложении. Узнайте, где покупать дешевле и экономьте до 50% уже сегодня c Едадил."> <meta name="viewport" content="width=device-width, initial-scale=1.0, viewport-fit=cover, user-scalable=yes"> <meta name="fragment" content="!">  <meta name="google-site-verification" content="5isjz1gObpPn7PREXwtlGeFu6h7rNcYIEvFU6hLeeNI"> <script type="text/javascript" nonce="" async="" src="https://mc.yandex.ru/metrika/watch.js"></script><script type="application/ld+json" nonce="">{ "@context": "http://schema.org", "@type": "WebSite", "name": "Едадил", "alternateName": "Edadeal", "url": "https://edadeal.ru" }</script> <meta name="theme-color" content="#27ae61"> <link rel="icon" type="image/png" sizes="32x32" href="https://yastatic.net/s3/edadeal-public-static/web/app/76e1987d134280/static/img/favicon-32x32.png"><link rel="icon" type="image/png" sizes="96x96" href="https://yastatic.net/s3/edadeal-public-static/web/app/76e1987d134280/static/img/favicon-96x96.png"><link rel="icon" type="image/png" sizes="16x16" href="https://yastatic.net/s3/edadeal-public-static/web/app/76e1987d134280/static/img/favicon-16x16.png"> <link rel="icon" href="https://yastatic.net/s3/edadeal-public-static/web/app/76e1987d134280/static/img/favicon.ico">  <meta property="og:url" content="https://edadeal.ru/sankt-peterburg/retailers/5ka?page=2"><meta property="og:watson" content="https://leonardo.edadeal.io/dyn/re/retailers/images/icons/sq/06c522eb34f54fed99665f69cb0794b7.png?res=l"><meta property="og:type" content="website"><meta property="og:site_name" content="Едадил"><meta property="og:title" content="Каталог магазина &quot;Пятёрочка&quot; - Акции с 1 августа по 31 августа"><meta property="og:image" content="https://yastatic.net/s3/edadeal-public-static/web/app/76e1987d134280/static/img/share_pic.png"><meta property="og:image:width" content="1200"><meta property="og:image:height" content="628"> <meta property="twitter:card" content="summary_large_image"><meta property="twitter:site" content="@edadeal_tw"><meta property="twitter:creator" content="@edadeal_tw"><meta property="twitter:title" content="Каталог магазина &quot;Пятёрочка&quot; - Акции с 1 августа по 31 августа"><meta property="twitter:description" content="Скидки и акции в магазине &quot;Пятёрочка&quot; на сегодня в Санкт-Петербурге. Актуальный каталог скидок c 1&nbsp;августа по 31&nbsp;августа на сайте и в мобильном приложении. Узнайте, где покупать дешевле и экономьте до 50% уже сегодня c Едадил."><meta property="twitter:image" content="https://yastatic.net/s3/edadeal-public-static/web/app/76e1987d134280/static/img/share_pic.png"> <link rel="canonical" href="https://edadeal.ru/sankt-peterburg/retailers/5ka"> <script type="text/javascript" nonce="">!function(n,i){if(n.Ya=n.Ya||{},Ya.Rum)throw new Error("Rum: interface is already defined");var e=n.performance,t=e&&e.timing&&e.timing.navigationStart||Ya.startPageLoad||+new Date,a=n.requestAnimationFrame,s=Ya.Rum={enabled:!!e,vsStart:document.visibilityState,vsChanged:!1,_defTimes:[],_defRes:[],_deltaMarks:{},_markListeners:{},_settings:{},_vars:{},init:function(n,i){s._settings=n,s._vars=i},getTime:e&&e.now?function(){return e.now()}:Date.now?function(){return Date.now()-t}:function(){return new Date-t},time:function(n){s._deltaMarks[n]=[s.getTime()]},timeEnd:function(n,i){var e=s._deltaMarks[n];e&&0!==e.length&&e.push(s.getTime(),i)},sendTimeMark:function(n,i,e,t){void 0===i&&(i=s.getTime()),s._defTimes.push([n,i,t]),s.mark(n,i)},sendDelta:function(n,i,e){var t=s._deltaMarks;if(!t[n]&&void 0!==i){var a=s.getTime();t[n]=[a-i,a,e]}},sendResTiming:function(n,i){s._defRes.push([n,i])},sendRaf:function(n){var i=s.getSetting("forcePaintTimeSending");if(a&&(i||!s.isVisibilityChanged())){var e="2616."+n;a(function(){!i&&s.isVisibilityChanged()||(s.getSetting("sendFirstRaf")&&s.sendTimeMark(e+".205"),a(function(){!i&&s.isVisibilityChanged()||s.sendTimeMark(e+".1928")}))})}},isVisibilityChanged:function(){return s.vsStart&&("visible"!==s.vsStart||s.vsChanged)},mark:e&&e.mark?function(n,i){e.mark(n+(i?": "+i:""))}:function(){},getSetting:function(n){var i=s._settings[n];return null===i?null:i||""},on:function(n,i){"function"==typeof i&&(s._markListeners[n]=s._markListeners[n]||[]).push(i)},sendTrafficData:function(){},finalizeLayoutShiftScore:function(){},finalizeLargestContentfulPaint:function(){},getLCPAdditionalParams:function(){}};document.addEventListener&&document.addEventListener("visibilitychange",function n(){Ya.Rum.vsChanged=!0,document.removeEventListener("visibilitychange",n)})}(window);</script><script type="text/javascript" nonce="">!function(){if(window.PerformanceLongTaskTiming){var e=function(e,n){return(e=e.concat(n)).length>300&&(e=e.slice(e.length-300)),e},n=Ya.Rum._tti={events:[],eventsAfterTTI:[],fired:!1,observer:new PerformanceObserver(function(r){var t=r.getEntries();n.events=e(n.events,t),n.fired&&(n.eventsAfterTTI=e(n.eventsAfterTTI,t))})};n.observer.observe({entryTypes:["longtask"]})}}();</script> <script type="text/javascript" nonce="">var GLOBAL_NONCE = "ClZ/S4ZheEJWZLjI7NIAxA==";</script> <script type="text/javascript" nonce="">!function(e,t,a){(t[a]=t[a]||[]).push(function(){try{t.yaCounter=new Ya.Metrika({id:34675050,clickmap:!0,trackLinks:!0,accurateTrackBounce:!0,webvisor:!0,trackHash:!0})}catch(e){}});var n=e.getElementsByTagName("script")[0],c=e.createElement("script"),r=function(){n.parentNode.insertBefore(c,n)};c.type="text/javascript","undefined"!=typeof GLOBAL_NONCE&&c.setAttribute("nonce",GLOBAL_NONCE),c.async=!0,c.src="https://mc.yandex.ru/metrika/watch.js","[object Opera]"==t.opera?e.addEventListener("DOMContentLoaded",r,!1):r()}(document,window,"yandex_metrika_callbacks");</script> <!--Global site tag (gtag.js) - AdWords: 942218954 --> <link rel="preconnect" href="https://yastatic.net"><link rel="preconnect" href="https://usr.edadeal.ru"><link rel="preconnect" href="https://api.edadeal.ru"><link rel="preconnect" href="https://teleport.edadeal.ru"><link rel="preconnect" href="https://susanin.edadeal.ru"> <script src="https://sso.edadeal.ru/st/js/v1/mda2.1.min.js" nonce=""></script> <script type="text/javascript" nonce="">var $M=document.documentElement.clientWidth<960;$M||document.write('<script type="text/javascript" nonce="ClZ/S4ZheEJWZLjI7NIAxA==" src="https://yastatic.net/pcode/adfox/loader.js" crossorigin="anonymous"><\/script><script type="text/javascript" nonce="ClZ/S4ZheEJWZLjI7NIAxA==">function gtag(){dataLayer.push(arguments)}window.dataLayer=window.dataLayer||[],gtag("js",new Date),gtag("config","AW-942218954");<\/script>'); </script><script type="text/javascript" nonce="" src="https://yastatic.net/pcode/adfox/loader.js" crossorigin="anonymous"></script><link rel="preconnect" href="https://yastatic.net/"><link rel="preconnect" href="https://avatars.mds.yandex.net/"><link rel="preconnect" href="https://mc.yandex.ru/"><link rel="preconnect" href="https://ads.adfox.ru"><script charset="utf-8" src="https://yastatic.net/partner-code-bundles/625533/b7414de3fe8d89054eed.js" crossorigin="anonymous" importance="high"></script><script charset="utf-8" src="https://yastatic.net/partner-code-bundles/625533/c62b59551ab7eb70d3b2.js" crossorigin="anonymous" importance="high"></script><script async="" crossorigin="anonymous" src="https://yastatic.net/safeframe-bundles/0.83/host.js"></script><script charset="utf-8" src="https://yastatic.net/partner-code-bundles/625533/6d399edff6d2a4ccf715.js" crossorigin="anonymous" importance="high"></script><script type="text/javascript" nonce="">function gtag(){dataLayer.push(arguments)}window.dataLayer=window.dataLayer||[],gtag("js",new Date),gtag("config","AW-942218954");</script> <script type="text/javascript" nonce="">var BUILD_ID="76e1987d134280",GLOBAL_NONCE="ClZ/S4ZheEJWZLjI7NIAxA==",MANIFEST={"p-coupons-redirect":["p-pages-redirect"],"p-retailer":["p-offers"],$:["libs.js","base"]},ENVIRONMENT="production",VERSION="4.10.0",BLENDER=!1,CLIENT_BASE_URL="https://yastatic.net/s3/edadeal-public-static/web/app/76e1987d134280/client",STATIC_PATH="https://yastatic.net/s3/edadeal-public-static/web/app/76e1987d134280/static",RTB_BLOCKS=$M?{offers:"R-I-338786-1",footer:"R-I-338786-2",offer:"R-I-338786-6",offer_top:"R-I-338786-146"}:{pagination:"R-I-338751-1",sidebar:"R-I-338751-2",offer:"R-I-338751-9",cashback:"R-I-338751-4",mainpage:"R-I-338751-6",sidebar_middle:"R-I-338751-5",offers_horizontal:"R-I-338751-7",offers_cards:"R-I-338751-8",cashbacks_horizontal:"R-I-338751-7",cashbacks_cards:"R-I-338751-8",sku:"R-I-338751-3"},RTB_PARAMS={},ANALYTICS={logInConsole:!1},COLLECTION_LOCAL_CACHE_ATTRS={nonce:"ClZ/S4ZheEJWZLjI7NIAxA=="},API_SSO="https://sso.edadeal.ru",API_WEB="https://squark.edadeal.ru/web/",API_CB="https://cb.edadeal.ru/v2/",API_KOBAL="https://kobal.edastage.ru",API_CPS="https://api.edadeal.ru/wallet/v2/",API_USR="https://usr.edadeal.ru/auth/v1/",API_BARCODE="https://barcode.edadeal.ru/barcode/v3/",API_CHERCHER="https://search.edadeal.io/api/v2";$M?(VERSION='289d362b134311',document.write('<script type="text/javascript" nonce="ClZ/S4ZheEJWZLjI7NIAxA==" crossorigin="" src="https://yastatic.net/s3/edadeal-public-static/frontend/touch/289d362b134311/ES2018/init.js"><\/script>')):function(e,t,a,s,r,i,c,p,o,d,l,n){for(t.$&&s.push.apply(s,t.$),t["p-retailer"]&&s.push.apply(s,t["p-retailer"]),s.push("p-retailer");e!==s.length;++e)-1!==(n=s[e]).indexOf(".")?-1!==n.indexOf(".css")?r.push(n):i.push(n):(r.push(n+".css"),i.push(n+".js"));p+=a,c+=a,document.write(p+r.join('">'+p)+'">'+c+i.join('"><\/script>'+c)+'"><\/script>')}(0,MANIFEST,CLIENT_BASE_URL+"/",[],[],[],'<script type="text/javascript" nonce="ClZ/S4ZheEJWZLjI7NIAxA==" crossorigin="" src="','<link rel="stylesheet" nonce="ClZ/S4ZheEJWZLjI7NIAxA==" href="'); </script><link rel="stylesheet" nonce="" href="https://yastatic.net/s3/edadeal-public-static/web/app/76e1987d134280/client/base.css"><link rel="stylesheet" nonce="" href="https://yastatic.net/s3/edadeal-public-static/web/app/76e1987d134280/client/p-offers.css"><link rel="stylesheet" nonce="" href="https://yastatic.net/s3/edadeal-public-static/web/app/76e1987d134280/client/p-retailer.css"><script type="text/javascript" nonce="" crossorigin="" src="https://yastatic.net/s3/edadeal-public-static/web/app/76e1987d134280/client/libs.js"></script><script type="text/javascript" nonce="" crossorigin="" src="https://yastatic.net/s3/edadeal-public-static/web/app/76e1987d134280/client/base.js"></script><script type="text/javascript" nonce="" crossorigin="" src="https://yastatic.net/s3/edadeal-public-static/web/app/76e1987d134280/client/p-offers.js"></script><script type="text/javascript" nonce="" crossorigin="" src="https://yastatic.net/s3/edadeal-public-static/web/app/76e1987d134280/client/p-retailer.js"></script>  <script type="text/javascript" async="" nonce="" src="https://an.yandex.ru/system/context.js"></script><style id="ysTextCssRule">@font-face {
        font-family: "YS Text Variable";
        src: url("https://yastatic.net/s3/home/fonts/ys/3/text-variable-full.woff2") format("woff2");
        font-weight: 400 700;
        font-display: optional;
    }</style><script charset="utf-8" src="https://yastatic.net/partner-code-bundles/625533/b8836b3f571f0cb774bb.js" crossorigin="anonymous" importance="high"></script><style type="text/css">.fjDgJL{width:100%;height:inherit;min-height:inherit;max-height:inherit}</style><style nonce="">#aac08c1503{width:1px;height:1px;position:relative;}</style><style nonce="">#id1316{width:1px;height:1px;top:0px;left:0px;position:absolute;}</style><style nonce="">#ya_partner_R-I-338751-2-6{width:100%;height:100%;position:relative;}</style><style nonce="">#id7690{width:100%;height:100%;top:0px;left:0px;position:absolute;}</style><style nonce="">#ya_partner_R-I-338751-1-5{width:100%;height:100%;position:relative;}</style><style nonce="">#id271{width:100%;height:100%;top:0px;left:0px;position:absolute;}</style><script nonce="" src="blob:https://edadeal.ru/97dce1b0-5a25-44c8-a7bc-067f42ddc2bb"></script></head><body><svg xmlns="http://www.w3.org/2000/svg" xmlns:xlink="http://www.w3.org/1999/xlink" style="position: absolute; width: 0; height: 0" id="__SVG_SPRITE_NODE__"><symbol xmlns="http://www.w3.org/2000/svg" xmlns:xlink="http://www.w3.org/1999/xlink" viewBox="0 0 24 24" id="clear">
    <!-- Generator: Sketch 44.1 (41455) - http://www.bohemiancoding.com/sketch -->
    <title>icon/clear</title>
    <desc>Created with Sketch.</desc>
    <defs></defs>
    <g id="clear_Symbols" stroke="none" stroke-width="1" fill="none" fill-rule="evenodd">
        <g id="clear_icon/clear" fill="#BBBBBB">
            <path d="M18.3,5.7 L18.3,5.7 L18.3,5.7 C17.9134007,5.31340068 17.2865993,5.31340068 16.9,5.7 L12,10.6 L7.1,5.7 L7.1,5.7 C6.71340068,5.31340068 6.08659932,5.31340068 5.7,5.7 L5.7,5.7 L5.7,5.7 C5.31340068,6.08659932 5.31340068,6.71340068 5.7,7.1 L10.6,12 L5.7,16.9 L5.7,16.9 C5.31340068,17.2865993 5.31340068,17.9134007 5.7,18.3 L5.7,18.3 L5.7,18.3 C6.08659932,18.6865993 6.71340068,18.6865993 7.1,18.3 L12,13.4 L16.9,18.3 L16.9,18.3 C17.2865993,18.6865993 17.9134007,18.6865993 18.3,18.3 L18.3,18.3 L18.3,18.3 C18.6865993,17.9134007 18.6865993,17.2865993 18.3,16.9 L13.4,12 L18.3,7.1 L18.3,7.1 C18.6865993,6.71340068 18.6865993,6.08659932 18.3,5.7 Z" id="clear_Shape" fill="currentColor"></path>
        </g>
    </g>
</symbol></svg><div class="b-window b-window_disabled_false b-window_overlay_true b-window_fit_standard b-window_hidden_true"><div class="b-window__root"><div class="b-window__overlay"></div> <!----></div></div><div class="b-window b-window_disabled_false b-window_overlay_true b-window_fit_standard b-window_hidden_true"><div class="b-window__root"><div class="b-window__overlay"></div> <!----></div></div><div class="b-window b-window_disabled_false b-window_overlay_true b-window_fit_standard b-window_hidden_true"><div class="b-window__root"><div class="b-window__overlay"></div> <!----></div></div><div class="b-window b-window_disabled_false b-window_overlay_true b-window_fit_standard b-window_hidden_true"><div class="b-window__root"><div class="b-window__overlay"></div> <!----></div></div>  <script type="text/javascript" nonce="">"function"==typeof $__RENDER_ROOT?$__RENDER_ROOT():document.write('<div id="root"></div>'); </script><div class="b-root b-root_disabled_false"><div class="b-root__root"><header class="b-header b-root__header b-header_disabled_false b-header_search-focused_false b-header_segments-opened_false b-header_can-show-suggest_false"><span class="b-header__root"><div class="b-header__wrapper"><div class="b-header__nav"><a href="/sankt-peterburg" class="b-header__logo"></a> <div class="b-header__sections"><a href="/sankt-peterburg/offers" class="b-header__section">Скидки</a> <a href="https://edadeal.ru/cashbacks" class="b-header__section b-header__section_active_false">Кэшбэк</a> <a href="http://coupons.edadeal.ru" class="b-header__section">Купоны</a> <a href="/sankt-peterburg/retailers" class="b-header__section b-header__section_active_true">Магазины</a></div></div> <div class="b-header__search-cell"><form class="b-header__search-wrapper b-header__search-wrapper_has-value_false"><div class="b-header__search-input-wrapper b-header__search-input-wrapper_has-value_false"><div class="b-header__search-input-container"><div class="b-header__search-input-hint" style="display: none;"><span></span></div> <input placeholder="Поиск акций и торговых сетей" class="b-header__search-input"></div></div> <button type="submit" class="b-header__search-button">Найти</button></form></div> <div class="b-header__controls"><div class="b-header__location-cell"><button aria-label="Выбрать город" class="b-header__location-chooser">город Санкт-Петербург</button></div> <!----> <div class="b-auth b-header__auth b-auth_disabled_false"><div class="b-auth__root"><button type="button" class="b-auth__login">Войти</button></div></div> <!----></div></div></span> <div class="b-header__suggest-wrapper" style="display: none;"><div class="b-header__suggest-container"></div></div> <div class="b-header__segments-wrapper" style="display: none;"><div class="b-header__segments-container"><a href="/sankt-peterburg/offers?segment=food" class="b-header__segment"><div class="b-header__segment-logo"><img src="https://yastatic.net/s3/edadeal-public-static/segments/svg/flat/seg_1.svg"></div> <div class="b-header__segment-title">Продукты</div></a><a href="/sankt-peterburg/offers?segment=alcohol" class="b-header__segment"><div class="b-header__segment-logo"><img src="https://yastatic.net/s3/edadeal-public-static/segments/svg/flat/seg_149.svg"></div> <div class="b-header__segment-title">Алкоголь</div></a><a href="/sankt-peterburg/offers?segment=home-stuff" class="b-header__segment"><div class="b-header__segment-logo"><img src="https://yastatic.net/s3/edadeal-public-static/segments/svg/flat/seg_248.svg"></div> <div class="b-header__segment-title">Для дома</div></a><a href="/sankt-peterburg/offers?segment=cosmetics-hygiene" class="b-header__segment"><div class="b-header__segment-logo"><img src="https://yastatic.net/s3/edadeal-public-static/segments/svg/flat/seg_296.svg"></div> <div class="b-header__segment-title">Косметика и&nbsp;гигиена</div></a><a href="/sankt-peterburg/offers?segment=for-kids" class="b-header__segment"><div class="b-header__segment-logo"><img src="https://yastatic.net/s3/edadeal-public-static/segments/svg/flat/seg_178.svg"></div> <div class="b-header__segment-title">Для детей</div></a><a href="/sankt-peterburg/offers?segment=pet-supplies" class="b-header__segment"><div class="b-header__segment-logo"><img src="https://yastatic.net/s3/edadeal-public-static/segments/svg/flat/seg_379.svg"></div> <div class="b-header__segment-title">Зоотовары</div></a><a href="/sankt-peterburg/offers?segment=stationery" class="b-header__segment"><div class="b-header__segment-logo"><img src="https://yastatic.net/s3/edadeal-public-static/segments/svg/flat/seg_384.svg"></div> <div class="b-header__segment-title">Канцтовары</div></a><a href="/sankt-peterburg/offers?segment=mkt-auto-470" class="b-header__segment"><div class="b-header__segment-logo"><img src="https://yastatic.net/s3/edadeal-public-static/segments/svg/flat/seg_470.svg"></div> <div class="b-header__segment-title">Авто</div></a><a href="/sankt-peterburg/offers?segment=mkt-leisure-and-entertainment-474" class="b-header__segment"><div class="b-header__segment-logo"><img src="https://yastatic.net/s3/edadeal-public-static/segments/svg/flat/seg_474.svg"></div> <div class="b-header__segment-title">Досуг и&nbsp;развлечения</div></a><a href="/sankt-peterburg/offers?segment=mkt-books-476" class="b-header__segment"><div class="b-header__segment-logo"><img src="https://yastatic.net/s3/edadeal-public-static/segments/svg/flat/seg_476.svg"></div> <div class="b-header__segment-title">Книги</div></a><a href="/sankt-peterburg/offers?segment=mkt-computers-477" class="b-header__segment"><div class="b-header__segment-logo"><img src="https://yastatic.net/s3/edadeal-public-static/segments/svg/flat/seg_477.svg"></div> <div class="b-header__segment-title">Компьютерная техника</div></a><a href="/sankt-peterburg/offers?segment=mkt-activities-481" class="b-header__segment"><div class="b-header__segment-logo"><img src="https://yastatic.net/s3/edadeal-public-static/segments/svg/flat/seg_481.svg"></div> <div class="b-header__segment-title">Спорт и&nbsp;отдых</div></a><a href="/sankt-peterburg/offers?segment=mkt-construction-and-repair-482" class="b-header__segment"><div class="b-header__segment-logo"><img src="https://yastatic.net/s3/edadeal-public-static/segments/svg/flat/seg_482.svg"></div> <div class="b-header__segment-title">Строительство и&nbsp;ремонт</div></a><a href="/sankt-peterburg/offers?segment=mkt-equipment-484" class="b-header__segment"><div class="b-header__segment-logo"><img src="https://yastatic.net/s3/edadeal-public-static/segments/svg/flat/seg_484.svg"></div> <div class="b-header__segment-title">Оборудование</div></a><a href="/sankt-peterburg/offers?segment=mkt-flowers-769" class="b-header__segment"><div class="b-header__segment-logo"><img src="https://yastatic.net/s3/edadeal-public-static/segments/svg/flat/seg_769.svg"></div> <div class="b-header__segment-title">Цветы, букеты, композиции</div></a><a href="/sankt-peterburg/offers?segment=mkt-summer-residence-garden-and-kitchen-garden-953" class="b-header__segment"><div class="b-header__segment-logo"><img src="https://yastatic.net/s3/edadeal-public-static/segments/svg/flat/seg_953.svg"></div> <div class="b-header__segment-title">Дача, сад и&nbsp;огород</div></a><a href="/sankt-peterburg/offers?segment=mkt-household-appliances-1076" class="b-header__segment"><div class="b-header__segment-logo"><img src="https://yastatic.net/s3/edadeal-public-static/segments/svg/flat/seg_1076.svg"></div> <div class="b-header__segment-title">Бытовая техника</div></a><a href="/sankt-peterburg/offers?segment=mkt-electronic-1077" class="b-header__segment"><div class="b-header__segment-logo"><img src="https://yastatic.net/s3/edadeal-public-static/segments/svg/flat/seg_1077.svg"></div> <div class="b-header__segment-title">Электроника</div></a><a href="/sankt-peterburg/offers?segment=mkt-clothes-shoes-and-accessories-1790" class="b-header__segment"><div class="b-header__segment-logo"><img src="https://yastatic.net/s3/edadeal-public-static/segments/svg/flat/seg_1790.svg"></div> <div class="b-header__segment-title">Одежда, обувь и&nbsp;аксессуары</div></a><a href="/sankt-peterburg/offers?segment=mkt-pharmacy-1846" class="b-header__segment"><div class="b-header__segment-logo"><img src="https://yastatic.net/s3/edadeal-public-static/segments/svg/flat/seg_1846.svg"></div> <div class="b-header__segment-title">Товары для здоровья</div></a></div></div></header> <div id="view" class="b-root__view"><div class="p-retailer p-retailer_mode_default p-retailer_view_default p-retailer_fetching-offers_false" locationuuid="sankt-peterburg"><div id="id-649" class="p-retailer__heading" style="min-height: 120px;"><div id="yandex_rtb_1660880302" class="fjDgJL yandex_rtb_R-I-338751-10"><yatag class="h36bd0a9a ld285384d"><style type="text/css">.ld285384d{opacity: !important;white-space:normal !important;visibility:visible !important}.ld285384d,.ld285384d yatag{display:block !important;font-family:inherit !important}.ld285384d,.ld285384d,.ld285384d a,.ld285384d b,.ld285384d em,.ld285384d iframe,.ld285384d img,.ld285384d table,.ld285384d tbody,.ld285384d td,.ld285384d tr,.ld285384d yatag{-webkit-box-sizing:content-box !important;box-sizing:content-box !important;color:inherit !important;font-size:inherit !important;font-weight:inherit !important;-webkit-hyphens:manual !important;-ms-hyphens:manual !important;hyphens:manual !important;-webkit-transition:none !important;-o-transition:none !important;transition:none !important}.ld285384d,.ld285384d a,.ld285384d b,.ld285384d em,.ld285384d iframe,.ld285384d img,.ld285384d table,.ld285384d tbody,.ld285384d td,.ld285384d tr{background:none !important;border:none !important;border-radius:0 !important;border-spacing:0 !important;border-collapse:collapse !important;clear:none !important;float:none !important;font-variant:normal !important;letter-spacing:normal !important;line-height:normal !important;margin:0 !important;max-height:none !important;max-width:none !important;min-height:0 !important;min-width:0 !important;outline:none !important;padding:0 !important;position:static !important;text-align:left !important;text-decoration:none !important;text-indent:0 !important;text-transform:none !important;vertical-align:baseline !important;visibility:inherit !important;word-spacing:normal !important}.ld285384d,.ld285384d a,.ld285384d b,.ld285384d em,.ld285384d img,.ld285384d table,.ld285384d tbody,.ld285384d td,.ld285384d tr{height:auto !important}.ld285384d table{display:table !important;empty-cells:hide !important;table-layout:fixed !important}.ld285384d table,.ld285384d td{font-size:100% !important}.ld285384d td{display:table-cell !important;vertical-align:middle !important}.ld285384d{width:auto !important;height:auto !important;overflow:visible !important}.ld285384d .e21519817{position:relative !important;margin:auto !important;display:-webkit-box !important;display:-ms-flexbox !important;display:flex !important;-webkit-box-pack:center !important;-ms-flex-pack:center !important;justify-content:center !important;-webkit-box-align:center !important;-ms-flex-align:center !important;align-items:center !important;overflow:hidden !important}.ld285384d .o942ed237{padding:10px 16px 86px !important}.ld285384d .q29ee3838,.ld285384d .w867c239a{position:absolute !important;z-index:1 !important;top:0 !important;left:0 !important;right:0 !important;bottom:0 !important;width:100% !important;height:100% !important;display:none !important}.ld285384d .b7f1d569f{width:100% !important;height:100% !important;position:absolute !important;pointer-events:none !important}.ld285384d .e74783a50{position:relative !important;z-index:2 !important}.ld285384d .l9381b27{position:relative !important;top:0 !important;left:0 !important;width:100% !important;height:100% !important;-webkit-transform-origin:0 0 !important;transform-origin:0 0 !important}.ld285384d .l9381b27 iframe{position:absolute !important;top:0 !important;left:0 !important;width:100% !important;height:100% !important}.ld285384d .ecafee6f8{position:absolute !important;width:100% !important;right:0 !important;top:0 !important;z-index:20 !important}.ld285384d .vae5eeae0{position:absolute !important;z-index:21 !important;top:0 !important;left:0 !important;width:100% !important;height:100% !important}.ld285384d .b3adc0a12{position:absolute !important;top:0 !important;left:0 !important;z-index:10 !important;height:16px !important;padding:0 4px !important;font-size:11px !important;line-height:16px !important;color:#000 !important;text-decoration:none !important;background:#fff !important;border:1px solid #e5e5e5 !important;border-bottom-right-radius:3px !important;cursor:pointer !important}.ld285384d .he0a3a1d6{border:1px solid #303050 !important}.ld285384d .p4be3832{max-width:100% !important;max-height:100% !important}.ld285384d .p4be3832 .q29ee3838,.ld285384d .p4be3832 .w867c239a{display:block !important}.ld285384d .p4be3832 .w867c239a{-webkit-filter:blur(10px) saturate(0) contrast(400%) !important;filter:blur(10px) saturate(0) contrast(400%) !important}.ld285384d .p4be3832 .q29ee3838{background-color:rgba(38,38,38,.9) !important}.ld285384d .j522bab94{-webkit-box-pack:start !important;-ms-flex-pack:start !important;justify-content:flex-start !important}.ld285384d .j66789620,.ld285384d .s6c332f48{visibility:hidden !important;opacity:0 !important}.ld285384d .s6c332f48{max-width:1px !important;max-height:1px !important}.ld285384d .id641612{position:absolute !important;bottom:20px !important;left:16px !important;right:16px !important;z-index:3 !important;display:-webkit-box !important;display:-ms-flexbox !important;display:flex !important}@media (orientation:landscape){.ld285384d .id641612{margin:0 auto !important;width:260px !important}}.ld285384d .n2f69a781{height:48px !important;line-height:48px !important;font-size:16px !important;border-radius:8px !important;text-align:center !important;font-weight:700 !important;-ms-flex-item-align:stretch !important;align-self:stretch !important;padding:0 20px !important;white-space:nowrap !important;min-width:0 !important}.ld285384d .uddb4423a{background:-webkit-gradient(linear,left top,left bottom,from(#efefef),to(#e5e5e5)) !important;background:-o-linear-gradient(top,#efefef 0,#e5e5e5 100%) !important;background:linear-gradient(180deg,#efefef,#e5e5e5) !important;margin-right:8px !important;-webkit-box-flex:2 !important;-ms-flex:2 1 !important;flex:2 1 !important}.ld285384d .ofad6c5e4{background:-webkit-gradient(linear,left top,right top,color-stop(-40%,#f60),color-stop(20%,rgba(255,102,0,0))),-webkit-gradient(linear,right top,left top,color-stop(-40%,#f60),color-stop(20%,rgba(255,102,0,0))),-webkit-gradient(linear,left bottom,left top,color-stop(-80%,#f60),color-stop(80%,#fd0)) !important;background:-o-linear-gradient(left,#f60 -40%,rgba(255,102,0,0) 20%),-o-linear-gradient(right,#f60 -40%,rgba(255,102,0,0) 20%),-o-linear-gradient(bottom,#f60 -80%,#fd0 80%) !important;background:linear-gradient(90deg,#f60 -40%,rgba(255,102,0,0) 20%),linear-gradient(270deg,#f60 -40%,rgba(255,102,0,0) 20%),linear-gradient(0deg,#f60 -80%,#fd0 80%) !important;-webkit-box-flex:3 !important;-ms-flex:3 1 !important;flex:3 1 !important}.ld285384d .k24d7cd0e{display:inline-block !important;margin-left:8px !important}.ld285384d .kf2576b27{position:absolute !important;left:-1000px !important;top:-1000px !important;width:1px !important;height:1px !important;display:block !important}.ld285384d .w56345d29{cursor:pointer !important;position:absolute !important;right:4px !important;top:4px !important;z-index:10 !important}.ld285384d .uf6f4f67c.w56345d29{display:-webkit-box !important;display:-ms-flexbox !important;display:flex !important;-webkit-box-align:center !important;-ms-flex-align:center !important;align-items:center !important;-webkit-box-pack:center !important;-ms-flex-pack:center !important;justify-content:center !important;pointer-events:auto !important;border-radius:50% !important;-webkit-user-select:none !important;-moz-user-select:none !important;-ms-user-select:none !important;user-select:none !important;-webkit-tap-highlight-color:transparent !important}.ld285384d .uf6f4f67c.w56345d29:before{content:"" !important;position:absolute !important;top:-4px !important;left:50% !important;-webkit-transform:translateX(-50%) !important;transform:translateX(-50%) !important}.ld285384d .uf6f4f67c.w56345d29:hover .r280c7819{opacity:.8 !important}.ld285384d .uf6f4f67c.w56345d29.r8e22e7d2 .r280c7819{background-color:#fff !important;opacity:.8 !important}.ld285384d .uf6f4f67c.w56345d29.r8e22e7d2 .rcc8bb157 svg{fill:#575c66 !important}.ld285384d .uf6f4f67c.w56345d29.h9b77634a .r280c7819,.ld285384d .uf6f4f67c.w56345d29.ic8e0b828 .r280c7819{background:none !important}.ld285384d .uf6f4f67c.w56345d29.h9b77634a:hover{background-color:#e9e9e9 !important}.ld285384d .uf6f4f67c.w56345d29.h9b77634a .rcc8bb157 svg{fill:#242526 !important}.ld285384d .uf6f4f67c.w56345d29.h9b77634a .n520366b{color:#242526 !important}.ld285384d .uf6f4f67c.w56345d29.ic8e0b828:hover{background-color:rgba(248,250,255,.2) !important}.ld285384d .uf6f4f67c.w56345d29.ic8e0b828 .rcc8bb157 svg{fill:#fff !important}.ld285384d .uf6f4f67c.w56345d29.ic8e0b828 .n520366b{color:#fff !important}.ld285384d .uf6f4f67c.id542e1c7{width:12px !important;height:12px !important}.ld285384d .uf6f4f67c.id542e1c7:before{width:28px !important;height:28px !important}.ld285384d .uf6f4f67c.id542e1c7 .rcc8bb157{-webkit-transform:scale(.6) !important;transform:scale(.6) !important}.ld285384d .uf6f4f67c.qd3eeaa7f{width:16px !important;height:16px !important}.ld285384d .uf6f4f67c.qd3eeaa7f:before{width:32px !important;height:32px !important}.ld285384d .uf6f4f67c.qd3eeaa7f .rcc8bb157{-webkit-transform:scale(.8) !important;transform:scale(.8) !important}.ld285384d .uf6f4f67c.v8a568b21{width:24px !important;height:24px !important}.ld285384d .uf6f4f67c.v8a568b21:before{width:42px !important;height:42px !important}.ld285384d .uf6f4f67c.e6b22fd00{width:28px !important;height:28px !important}.ld285384d .uf6f4f67c.e6b22fd00:before{width:42px !important;height:42px !important}.ld285384d .uf6f4f67c.j5c1bd958{width:32px !important;height:32px !important}.ld285384d .uf6f4f67c.j5c1bd958:before{width:48px !important;height:48px !important}.ld285384d .r280c7819{height:100% !important;width:100% !important;position:absolute !important;top:0 !important;left:0 !important;z-index:-1 !important;border-radius:inherit !important;-webkit-transition:opacity .15s !important;-o-transition:opacity .15s !important;transition:opacity .15s !important;-webkit-transition:background-color .5s ease-in-out !important;-o-transition:background-color .5s ease-in-out !important;transition:background-color .5s ease-in-out !important}.ld285384d .r280c7819.b292efad6{background:rgba(26,43,77,.4) !important;color:#fff !important}.ld285384d .r280c7819.b292efad6:hover{opacity:.5 !important}.ld285384d .r280c7819.f45a9be34{background:hsla(0,0%,100%,.8) !important;color:#3a3c40 !important}.ld285384d .r280c7819.f45a9be34:hover{opacity:.9 !important}.ld285384d .r280c7819.j76402753{background:none !important}.ld285384d .uf6f4f67c .rcc8bb157{display:-webkit-box !important;display:-ms-flexbox !important;display:flex !important;-webkit-box-align:center !important;-ms-flex-align:center !important;align-items:center !important;-webkit-box-pack:center !important;-ms-flex-pack:center !important;justify-content:center !important;pointer-events:none !important}.ld285384d .uf6f4f67c .rcc8bb157.b292efad6 svg{fill:#fff !important}.ld285384d .uf6f4f67c .rcc8bb157.b292efad6 svg,.ld285384d .uf6f4f67c .rcc8bb157.f45a9be34 svg{-webkit-transition:fill .5s ease-in-out !important;-o-transition:fill .5s ease-in-out !important;transition:fill .5s ease-in-out !important}.ld285384d .uf6f4f67c .rcc8bb157.f45a9be34 svg{fill:#242526 !important}.ld285384d .n520366b{display:-webkit-box !important;display:-ms-flexbox !important;display:flex !important;-webkit-box-align:center !important;-ms-flex-align:center !important;align-items:center !important;-webkit-box-pack:center !important;-ms-flex-pack:center !important;justify-content:center !important;pointer-events:none !important}.ld285384d .n520366b.b292efad6{color:#fff !important}.ld285384d .n520366b.f45a9be34{color:#242526 !important}@-webkit-keyframes f6cf41f39{0%,to{opacity:0 !important;visibility:hidden !important}4%,96%{visibility:visible !important;opacity:1 !important}}@keyframes f6cf41f39{0%,to{opacity:0 !important;visibility:hidden !important}4%,96%{visibility:visible !important;opacity:1 !important}}@media (hover:hover) and (pointer:fine){.ld285384d .se98c27d8:hover .m6ff44f03{opacity:0 !important;visibility:hidden !important}.ld285384d .se98c27d8:hover .f52914a36{visibility:visible !important;opacity:1 !important}.ld285384d .se98c27d8[data-active]:hover .f52914a36{opacity:0 !important;visibility:hidden !important}.ld285384d .se98c27d8[data-active]:hover .m6ff44f03{visibility:visible !important;opacity:1 !important}}.ld285384d .se98c27d8.i9af3c68{right:45px !important}.ld285384d .se98c27d8.i9af3c68 .p66bbe2c3.m6ff44f03{-webkit-transform:translateX(41px) !important;transform:translateX(41px) !important}.ld285384d .se98c27d8.i9af3c68 .p66bbe2c3.m6ff44f03 .ha944f37a{-webkit-transform:translateX(-43px) !important;transform:translateX(-43px) !important}.ld285384d .se98c27d8{right:36px !important;width:32px !important}.ld285384d .se98c27d8[data-active] svg{color:#ee4f4f !important;fill:#ee4f4f !important}.ld285384d .se98c27d8[data-active] .m6ff44f03{-webkit-animation:f6cf41f39 8s linear !important;animation:f6cf41f39 8s linear !important}.ld285384d .se98c27d8 .p66bbe2c3{position:absolute !important;color:#fff !important;opacity:0 !important;visibility:hidden !important;white-space:nowrap !important;top:29px !important;right:50% !important;-webkit-transform:translateX(50%) !important;transform:translateX(50%) !important;background:#343334 !important;border-radius:6px !important;padding:0 8px !important;height:24px !important;line-height:24px !important;font-size:11px !important;-webkit-transition:all .2s !important;-o-transition:all .2s !important;transition:all .2s !important}.ld285384d .se98c27d8 .p66bbe2c3.m6ff44f03{-webkit-transform:translateX(32px) !important;transform:translateX(32px) !important;right:0 !important}.ld285384d .se98c27d8 .p66bbe2c3.m6ff44f03 .ha944f37a{right:0 !important;-webkit-transform:translateX(-34px) !important;transform:translateX(-34px) !important}.ld285384d .se98c27d8 .p66bbe2c3 .acea5627e{font-size:11px !important}.ld285384d .se98c27d8 .p66bbe2c3 .ha944f37a{width:28px !important;height:8px !important;position:absolute !important;top:-6px !important;right:50% !important;-webkit-transform:translateX(50%) !important;transform:translateX(50%) !important;display:-webkit-box !important;display:-ms-flexbox !important;display:flex !important;-webkit-box-align:center !important;-ms-flex-align:center !important;align-items:center !important;-webkit-box-pack:center !important;-ms-flex-pack:center !important;justify-content:center !important}.ld285384d .se98c27d8 .p66bbe2c3 .p2bfb0763{color:#ffd400 !important;text-decoration:none !important;text-transform:lowercase !important}.ld285384d .sb7df4850{margin-left:2px !important;pointer-events:auto !important;font-family:inherit !important;position:relative !important;-ms-flex-item-align:center !important;align-self:center !important}.ld285384d .wf74a9075{display:-webkit-box !important;display:-ms-flexbox !important;display:flex !important;-webkit-box-align:center !important;-ms-flex-align:center !important;align-items:center !important;cursor:pointer !important;position:absolute !important;left:4px !important;top:4px !important;z-index:10 !important;font-family:Helvetica,Arial,sans-serif !important;white-space:nowrap !important;height:12px !important;line-height:normal !important;-webkit-box-sizing:border-box !important;box-sizing:border-box !important;padding:0 4px !important;color:hsla(0,0%,100%,.8) !important;border-radius:16px !important;font-size:8px !important;text-transform:uppercase !important;letter-spacing:.125em !important;pointer-events:none !important;-webkit-transition:color .5s ease-in-out !important;-o-transition:color .5s ease-in-out !important;transition:color .5s ease-in-out !important}.ld285384d .wf74a9075,.ld285384d .wf74a9075>a{text-decoration:none !important}.ld285384d .wf74a9075>a{color:inherit !important}.ld285384d .wf74a9075.r8e22e7d2{color:#575c66 !important;background-color:#fff !important;opacity:.8 !important}.ld285384d .wf74a9075.h9b77634a,.ld285384d .wf74a9075.f45a9be34{color:#3a3c40 !important}.ld285384d .wf74a9075.f45a9be34{background:hsla(0,0%,100%,.8) !important}.ld285384d .wf74a9075.b292efad6,.ld285384d .wf74a9075.ic8e0b828{color:#fff !important}.ld285384d .wf74a9075.b292efad6{background:rgba(26,43,77,.4) !important}.ld285384d .wf74a9075.b4e81ad15,.ld285384d .wf74a9075.a84627c29{top:auto !important;left:auto !important;right:0 !important;bottom:0 !important;background:none !important;text-shadow:none !important;font-size:7px !important;padding:0 !important;height:auto !important;opacity:.8 !important;-webkit-backdrop-filter:none !important;backdrop-filter:none !important}.ld285384d .wf74a9075.j76402753{background:none !important}.ld285384d .wf74a9075.b8f3aa05{max-width:calc(100% - 42px) !important}.ld285384d .kb599b41a{margin:0 2px !important}.ld285384d .c37b30756{text-decoration:none !important;pointer-events:auto !important;color:inherit !important}.ld285384d .c55327b1d{position:absolute !important;right:-2px !important;top:0 !important;z-index:9 !important;pointer-events:auto !important}.ld285384d .m7b3060f0{background:red !important}</style><yatag class="kf2576b27"></yatag><yatag class="e21519817 m5f0e643f i1ff27fa3"><yatag class="e74783a50" style="width: 1000px !important; height: 120px !important;"><yatag id="ya_partner_R-I-338751-10-1282388875" class="l9381b27" style="width: 1000px !important; height: 120px !important;"><div></div></yatag><yatag class="wf74a9075 r8e22e7d2" data-test="AdKebabAndLabel--adLabelContent" data-label="true">Реклама</yatag><yatag class="ecafee6f8 sd2dcca7e r741777e"><yatag data-close="true" data-new-adtune="true" data-sticky-adtune="false" class="uf6f4f67c w56345d29 r8e22e7d2 v8a568b21"><yatag class="r280c7819 j76402753"></yatag><yatag class="rcc8bb157"><svg width="8" height="20" viewBox="0 0 8 20" fill="white" xmlns="http://www.w3.org/2000/svg"><circle cx="4" cy="4" r="1.5"></circle><circle cx="4" cy="10" r="1.5"></circle><circle cx="4" cy="16" r="1.5"></circle></svg></yatag></yatag></yatag></yatag></yatag></yatag></div></div> <div class="p-retailer__container"><div class="b-button b-button_disabled_false b-button_theme_blank b-button_shape_default b-button_size_m b-button_justify_start b-button_selected_false"><a href="/sankt-peterburg/retailers" class="b-button__root b-button__root_active_true"><!----> <div class="b-button__content">← К&nbsp;списку сетей  </div> <!----></a></div></div><div class="p-retailer__header"><h1>Скидки магазина «Пятёрочка»</h1> <!----></div><!----> <div class="p-retailer__container"><div class="p-retailer__base-column"><!----> <div class="p-retailer__representation"><div class="p-retailer__sort"><div class="p-retailer__sort-title">Сортировка:</div> <div class="b-button b-button_disabled_false b-button_theme_light b-button_shape_default b-button_size_s b-button_justify_start b-button_selected_true p-retailer__hor-button"><div tabindex="1" class="b-button__root"><!----> <div class="b-button__content">по&nbsp;умолчанию </div> <!----></div></div> <div class="b-button b-button_disabled_false b-button_theme_light b-button_shape_default b-button_size_s b-button_justify_start b-button_selected_false p-retailer__hor-button"><div tabindex="1" class="b-button__root"><!----> <div class="b-button__content">по&nbsp;цене  </div> <!----></div></div> <div class="b-button b-button_disabled_false b-button_theme_light b-button_shape_default b-button_size_s b-button_justify_start b-button_selected_false p-retailer__hor-button"><div tabindex="1" class="b-button__root"><!----> <div class="b-button__content">по&nbsp;скидке  </div> <!----></div></div></div><div class="b-offers-view b-offers-view_disabled_false"><div class="b-offers-view__root"><div class="b-offers-view__view-switchers"><div class="b-offers-view__view-switcher b-offers-view__view-switcher_type_line b-offers-view__view-switcher_current_false"></div><div class="b-offers-view__view-switcher b-offers-view__view-switcher_type_default b-offers-view__view-switcher_current_true"></div></div></div></div></div> <!----> <!----> <div class="p-retailer__offers-container"><div class="b-loader p-retailer__loader b-loader_disabled_false b-loader_size_m b-loader_show_false b-loader_deffer-hiding_true"><div class="b-loader__root"><div class="b-loader__container"></div></div></div> <div class="p-retailer__offers"><!----><a href="/sankt-peterburg/offers/39244b9a-52b1-55ac-9b10-a1c1ae67ab1e?from=%2Fsankt-peterburg%2Fretailers%2F5ka%3Fpage%3D2" class="p-retailer__offer"><div class="b-offer b-offer_disabled_false b-offer_view_default b-offer_is-outdated_false b-offer_is-recipe-drug_false b-offer_is-added-to-cart_false"><!----> <div class="b-offer__root"><div class="b-offer__header"><div class="b-image b-image_disabled_false b-image_cap_s b-image_img_vert b-image_loaded_true b-offer__preview"><div class="b-image__root"><div class="b-image__cap b-image__cap_loading_false"><!----></div><img src="https://leonardo.edadeal.io/dyn/cr/catalyst/offers/bhnncgo7stx5qbrzumbeqqd46u.jpg" alt="Наггетсы Золотой Петушок, Традиционные, 300 г со скидкой" class="b-image__img" style=""></div></div> <div class="b-offer__offer-info"><div class="b-offer__badge">От&nbsp;2&nbsp;шт</div> <div class="b-offer__dates">По&nbsp;8&nbsp;августа <div title="Пятёрочка" class="b-image b-image_disabled_false b-image_cap_f b-image_img_vert b-image_loaded_true b-offer__retailer-icon"><div class="b-image__root"><div class="b-image__cap b-image__cap_loading_false"><!----></div><img src="https://leonardo.edadeal.io/dyn/re/retailers/images/icons/sq/06c522eb34f54fed99665f69cb0794b7.png" alt="Пятёрочка" class="b-image__img" style=""></div></div></div></div></div> <div class="b-offer__product-info"><div title="" class="b-offer__description">Наггетсы Золотой Петушок, Традиционные, 300&nbsp;г</div> <div class="b-offer__quantity"><!----> 300 г / 333,30 ₽ за кг</div></div> <div class="b-offer__footer"><div class="b-offer__prices"><div title="99,99 ₽" class="b-offer__price-new">99,99 ₽</div> <div title="195,19 ₽" class="b-offer__price-old">195,19 ₽</div> <!----></div> <!----></div></div></div></a><!----><a href="/sankt-peterburg/offers/610cefd5-1c26-5fd1-920a-89ff5a584ee1?from=%2Fsankt-peterburg%2Fretailers%2F5ka%3Fpage%3D2" class="p-retailer__offer"><div class="b-offer b-offer_disabled_false b-offer_view_default b-offer_is-outdated_false b-offer_is-recipe-drug_false b-offer_is-added-to-cart_false"><!----> <div class="b-offer__root"><div class="b-offer__header"><div class="b-image b-image_disabled_false b-image_cap_s b-image_img_vert b-image_loaded_true b-offer__preview"><div class="b-image__root"><div class="b-image__cap b-image__cap_loading_false"><!----></div><img src="https://leonardo.edadeal.io/dyn/cr/catalyst/offers/afb72hnlnohc5gqqhcmerwwgdu.jpg" alt="Кетчуп Махеевъ, томатный, 300 г со скидкой" class="b-image__img" style=""></div></div> <div class="b-offer__offer-info"><div class="b-offer__badge">-42%</div> <div class="b-offer__dates">По&nbsp;31&nbsp;августа <div title="Пятёрочка" class="b-image b-image_disabled_false b-image_cap_f b-image_img_vert b-image_loaded_true b-offer__retailer-icon"><div class="b-image__root"><div class="b-image__cap b-image__cap_loading_false"><!----></div><img src="https://leonardo.edadeal.io/dyn/re/retailers/images/icons/sq/06c522eb34f54fed99665f69cb0794b7.png" alt="Пятёрочка" class="b-image__img" style=""></div></div></div></div></div> <div class="b-offer__product-info"><div title="" class="b-offer__description">Кетчуп Махеевъ, томатный, 300&nbsp;г</div> <div class="b-offer__quantity"><!----> 300 г / 176,63 ₽ за кг</div></div> <div class="b-offer__footer"><div class="b-offer__prices"><div title="52,99 ₽" class="b-offer__price-new">52,99 ₽</div> <div title="89,99 ₽" class="b-offer__price-old">89,99 ₽</div> <!----></div> <!----></div></div></div></a><!----><a href="/sankt-peterburg/offers/8870eea0-538c-558f-b3a2-5ec3d082c970?from=%2Fsankt-peterburg%2Fretailers%2F5ka%3Fpage%3D2" class="p-retailer__offer"><div class="b-offer b-offer_disabled_false b-offer_view_default b-offer_is-outdated_false b-offer_is-recipe-drug_false b-offer_is-added-to-cart_false"><!----> <div class="b-offer__root"><div class="b-offer__header"><div class="b-image b-image_disabled_false b-image_cap_s b-image_img_vert b-image_loaded_true b-offer__preview"><div class="b-image__root"><div class="b-image__cap b-image__cap_loading_false"><!----></div><img src="https://leonardo.edadeal.io/dyn/cr/catalyst/offers/grvy2ibvpk6377cyljbssk5ayq.jpg" alt="Плитка молочная Cho Ko-Te, малина-манго, 43 г со скидкой" class="b-image__img" style=""></div></div> <div class="b-offer__offer-info"><div class="b-offer__badge">1+1</div> <div class="b-offer__dates">По&nbsp;31&nbsp;августа <div title="Пятёрочка" class="b-image b-image_disabled_false b-image_cap_f b-image_img_vert b-image_loaded_true b-offer__retailer-icon"><div class="b-image__root"><div class="b-image__cap b-image__cap_loading_false"><!----></div><img src="https://leonardo.edadeal.io/dyn/re/retailers/images/icons/sq/06c522eb34f54fed99665f69cb0794b7.png" alt="Пятёрочка" class="b-image__img" style=""></div></div></div></div></div> <div class="b-offer__product-info"><div title="" class="b-offer__description">Плитка молочная Cho Ko-Te, малина-манго, 43&nbsp;г</div> <div class="b-offer__quantity"><!----> 43 г / 581,16 ₽ за кг</div></div> <div class="b-offer__footer"><div class="b-offer__prices"><div title="24,99 ₽" class="b-offer__price-new">24,99 ₽</div> <div title="49,98 ₽" class="b-offer__price-old">49,98 ₽</div> <!----></div> <!----></div></div></div></a><!----><a href="/sankt-peterburg/offers/1fa07a00-0dcc-5c37-995a-c4d39e30d589?from=%2Fsankt-peterburg%2Fretailers%2F5ka%3Fpage%3D2" class="p-retailer__offer"><div class="b-offer b-offer_disabled_false b-offer_view_default b-offer_is-outdated_false b-offer_is-recipe-drug_false b-offer_is-added-to-cart_false"><!----> <div class="b-offer__root"><div class="b-offer__header"><div class="b-image b-image_disabled_false b-image_cap_s b-image_img_vert b-image_loaded_true b-offer__preview"><div class="b-image__root"><div class="b-image__cap b-image__cap_loading_false"><!----></div><img src="https://leonardo.edadeal.io/dyn/cr/catalyst/offers/uzl66dh5uacjlta7h5btiejdp4.jpg" alt="Конфеты Маска, 100 г со скидкой" class="b-image__img" style=""></div></div> <div class="b-offer__offer-info"><div class="b-offer__badge">-37%</div> <div class="b-offer__dates">По&nbsp;31&nbsp;августа <div title="Пятёрочка" class="b-image b-image_disabled_false b-image_cap_f b-image_img_vert b-image_loaded_true b-offer__retailer-icon"><div class="b-image__root"><div class="b-image__cap b-image__cap_loading_false"><!----></div><img src="https://leonardo.edadeal.io/dyn/re/retailers/images/icons/sq/06c522eb34f54fed99665f69cb0794b7.png" alt="Пятёрочка" class="b-image__img" style=""></div></div></div></div></div> <div class="b-offer__product-info"><div title="" class="b-offer__description">Конфеты Маска, 100&nbsp;г</div> <div class="b-offer__quantity"><!----> 100 г / 429,90 ₽ за кг</div></div> <div class="b-offer__footer"><div class="b-offer__prices"><div title="42,99 ₽" class="b-offer__price-new">42,99 ₽</div> <div title="67,99 ₽" class="b-offer__price-old">67,99 ₽</div> <!----></div> <!----></div></div></div></a><!----><a href="/sankt-peterburg/offers/ce8d587d-d580-5c5b-b8e0-ab1e1194eb81?from=%2Fsankt-peterburg%2Fretailers%2F5ka%3Fpage%3D2" class="p-retailer__offer"><div class="b-offer b-offer_disabled_false b-offer_view_default b-offer_is-outdated_false b-offer_is-recipe-drug_false b-offer_is-added-to-cart_false"><!----> <div class="b-offer__root"><div class="b-offer__header"><div class="b-image b-image_disabled_false b-image_cap_s b-image_img_vert b-image_loaded_true b-offer__preview"><div class="b-image__root"><div class="b-image__cap b-image__cap_loading_false"><!----></div><img src="https://leonardo.edadeal.io/dyn/cr/catalyst/offers/cagrhz3keef2ncnvfnq22wu7ha.jpg" alt="Пюре мясное Тёма, говядина с кабачками, 90 г со скидкой" class="b-image__img" style=""></div></div> <div class="b-offer__offer-info"><div class="b-offer__badge">-36%</div> <div class="b-offer__dates">По&nbsp;8&nbsp;августа <div title="Пятёрочка" class="b-image b-image_disabled_false b-image_cap_f b-image_img_vert b-image_loaded_true b-offer__retailer-icon"><div class="b-image__root"><div class="b-image__cap b-image__cap_loading_false"><!----></div><img src="https://leonardo.edadeal.io/dyn/re/retailers/images/icons/sq/06c522eb34f54fed99665f69cb0794b7.png" alt="Пятёрочка" class="b-image__img" style=""></div></div></div></div></div> <div class="b-offer__product-info"><div title="" class="b-offer__description">Пюре мясное Тёма, говядина с&nbsp;кабачками, 90&nbsp;г</div> <div class="b-offer__quantity"><!----> 90 г / 577,67 ₽ за кг</div></div> <div class="b-offer__footer"><div class="b-offer__prices"><div title="51,99 ₽" class="b-offer__price-new">51,99 ₽</div> <div title="79,99 ₽" class="b-offer__price-old">79,99 ₽</div> <!----></div> <!----></div></div></div></a><!----><a href="/sankt-peterburg/offers/34974177-7c39-5b7a-83cf-09edc5571309?from=%2Fsankt-peterburg%2Fretailers%2F5ka%3Fpage%3D2" class="p-retailer__offer"><div class="b-offer b-offer_disabled_false b-offer_view_default b-offer_is-outdated_false b-offer_is-recipe-drug_false b-offer_is-added-to-cart_false"><!----> <div class="b-offer__root"><div class="b-offer__header"><div class="b-image b-image_disabled_false b-image_cap_s b-image_img_vert b-image_loaded_true b-offer__preview"><div class="b-image__root"><div class="b-image__cap b-image__cap_loading_false"><!----></div><img src="https://leonardo.edadeal.io/dyn/cr/catalyst/offers/jz6yko3fyyxvbilfxksfb5g74e.jpg" alt="Пюре мясное Тёма, говядина с гречкой, 90 г со скидкой" class="b-image__img" style=""></div></div> <div class="b-offer__offer-info"><div class="b-offer__badge">-36%</div> <div class="b-offer__dates">По&nbsp;8&nbsp;августа <div title="Пятёрочка" class="b-image b-image_disabled_false b-image_cap_f b-image_img_vert b-image_loaded_true b-offer__retailer-icon"><div class="b-image__root"><div class="b-image__cap b-image__cap_loading_false"><!----></div><img src="https://leonardo.edadeal.io/dyn/re/retailers/images/icons/sq/06c522eb34f54fed99665f69cb0794b7.png" alt="Пятёрочка" class="b-image__img" style=""></div></div></div></div></div> <div class="b-offer__product-info"><div title="" class="b-offer__description">Пюре мясное Тёма, говядина с&nbsp;гречкой, 90&nbsp;г</div> <div class="b-offer__quantity"><!----> 90 г / 577,67 ₽ за кг</div></div> <div class="b-offer__footer"><div class="b-offer__prices"><div title="51,99 ₽" class="b-offer__price-new">51,99 ₽</div> <div title="79,99 ₽" class="b-offer__price-old">79,99 ₽</div> <!----></div> <!----></div></div></div></a><!----><a href="/sankt-peterburg/offers/e4a493f4-d723-5a94-a92b-6074aecfa388?from=%2Fsankt-peterburg%2Fretailers%2F5ka%3Fpage%3D2" class="p-retailer__offer"><div class="b-offer b-offer_disabled_false b-offer_view_default b-offer_is-outdated_false b-offer_is-recipe-drug_false b-offer_is-added-to-cart_false"><!----> <div class="b-offer__root"><div class="b-offer__header"><div class="b-image b-image_disabled_false b-image_cap_s b-image_img_vert b-image_loaded_true b-offer__preview"><div class="b-image__root"><div class="b-image__cap b-image__cap_loading_false"><!----></div><img src="https://leonardo.edadeal.io/dyn/cr/catalyst/offers/q3v3pqg5fx7vwv4y4x5gnt2x6i.jpg" alt="Пюре мясное Тёма, цыпленок-кабачок-морковь-рис, 90 г со скидкой" class="b-image__img" style=""></div></div> <div class="b-offer__offer-info"><div class="b-offer__badge">-36%</div> <div class="b-offer__dates">По&nbsp;8&nbsp;августа <div title="Пятёрочка" class="b-image b-image_disabled_false b-image_cap_f b-image_img_vert b-image_loaded_true b-offer__retailer-icon"><div class="b-image__root"><div class="b-image__cap b-image__cap_loading_false"><!----></div><img src="https://leonardo.edadeal.io/dyn/re/retailers/images/icons/sq/06c522eb34f54fed99665f69cb0794b7.png" alt="Пятёрочка" class="b-image__img" style=""></div></div></div></div></div> <div class="b-offer__product-info"><div title="" class="b-offer__description">Пюре мясное Тёма, цыпленок-кабачок-морковь-рис, 90&nbsp;г</div> <div class="b-offer__quantity"><!----> 90 г / 577,67 ₽ за кг</div></div> <div class="b-offer__footer"><div class="b-offer__prices"><div title="51,99 ₽" class="b-offer__price-new">51,99 ₽</div> <div title="79,99 ₽" class="b-offer__price-old">79,99 ₽</div> <!----></div> <!----></div></div></div></a><!----><a href="/sankt-peterburg/offers/cae1c193-e1a9-5b7d-a658-1197d5e77e82?from=%2Fsankt-peterburg%2Fretailers%2F5ka%3Fpage%3D2" class="p-retailer__offer"><div class="b-offer b-offer_disabled_false b-offer_view_default b-offer_is-outdated_false b-offer_is-recipe-drug_false b-offer_is-added-to-cart_false"><!----> <div class="b-offer__root"><div class="b-offer__header"><div class="b-image b-image_disabled_false b-image_cap_s b-image_img_vert b-image_loaded_true b-offer__preview"><div class="b-image__root"><div class="b-image__cap b-image__cap_loading_false"><!----></div><img src="https://leonardo.edadeal.io/dyn/cr/catalyst/offers/ocza3anxx2nfld67nssk3eqfue.jpg" alt="Таблетки для посудомоечной машины Finish, Power All in 1, 50 таб. со скидкой" class="b-image__img" style=""></div></div> <div class="b-offer__offer-info"><div class="b-offer__badge">-41%</div> <div class="b-offer__dates">По&nbsp;31&nbsp;августа <div title="Пятёрочка" class="b-image b-image_disabled_false b-image_cap_f b-image_img_vert b-image_loaded_true b-offer__retailer-icon"><div class="b-image__root"><div class="b-image__cap b-image__cap_loading_false"><!----></div><img src="https://leonardo.edadeal.io/dyn/re/retailers/images/icons/sq/06c522eb34f54fed99665f69cb0794b7.png" alt="Пятёрочка" class="b-image__img" style=""></div></div></div></div></div> <div class="b-offer__product-info"><div title="Таблетки для посудомоечной машины Finish, Power All in 1, 50 таб" class="b-offer__description">Таблетки для посудомоечной машины Finish, Power All in 1,…</div> <div class="b-offer__quantity"><!----> 50 шт / 18,00 ₽ за шт</div></div> <div class="b-offer__footer"><div class="b-offer__prices"><div title="899,99 ₽" class="b-offer__price-new">899,99 ₽</div> <div title="1&nbsp;499,99 ₽" class="b-offer__price-old">1&nbsp;499,99 ₽</div> <!----></div> <!----></div></div></div></a><div id="offers_cards_place" class="p-retailer__rtb-block p-retailer__rtb-block_type_offers_cards"><div id="rtb-R-I-338751-8-2-a337ee045e05e" class="rtb-output-4bd4242d9157f"><div></div></div></div><a href="/sankt-peterburg/offers/b3ddfaff-ea77-5be9-b51d-64f04b2516a2?from=%2Fsankt-peterburg%2Fretailers%2F5ka%3Fpage%3D2" class="p-retailer__offer"><div class="b-offer b-offer_disabled_false b-offer_view_default b-offer_is-outdated_false b-offer_is-recipe-drug_false b-offer_is-added-to-cart_false"><!----> <div class="b-offer__root"><div class="b-offer__header"><div class="b-image b-image_disabled_false b-image_cap_s b-image_img_vert b-image_loaded_true b-offer__preview"><div class="b-image__root"><div class="b-image__cap b-image__cap_loading_false"><!----></div><img src="https://leonardo.edadeal.io/dyn/cr/catalyst/offers/l5opkgnxuysdhpusoe5vjyanr4.jpg" alt="Торт Боярушка Классический вафельный, 38 г со скидкой" class="b-image__img" style=""></div></div> <div class="b-offer__offer-info"><div class="b-offer__badge">-34%</div> <div class="b-offer__dates">По&nbsp;8&nbsp;августа <div title="Пятёрочка" class="b-image b-image_disabled_false b-image_cap_f b-image_img_vert b-image_loaded_true b-offer__retailer-icon"><div class="b-image__root"><div class="b-image__cap b-image__cap_loading_false"><!----></div><img src="https://leonardo.edadeal.io/dyn/re/retailers/images/icons/sq/06c522eb34f54fed99665f69cb0794b7.png" alt="Пятёрочка" class="b-image__img" style=""></div></div></div></div></div> <div class="b-offer__product-info"><div title="" class="b-offer__description">Торт Боярушка Классический вафельный, 38&nbsp;г</div> <div class="b-offer__quantity"><!----> 38 г / 420,79 ₽ за кг</div></div> <div class="b-offer__footer"><div class="b-offer__prices"><div title="15,99 ₽" class="b-offer__price-new">15,99 ₽</div> <div title="23,99 ₽" class="b-offer__price-old">23,99 ₽</div> <!----></div> <!----></div></div></div></a><!----><a href="/sankt-peterburg/offers/5066fe98-4f09-5173-bb06-4d6a6de661e2?from=%2Fsankt-peterburg%2Fretailers%2F5ka%3Fpage%3D2" class="p-retailer__offer"><div class="b-offer b-offer_disabled_false b-offer_view_default b-offer_is-outdated_false b-offer_is-recipe-drug_false b-offer_is-added-to-cart_false"><!----> <div class="b-offer__root"><div class="b-offer__header"><div class="b-image b-image_disabled_false b-image_cap_s b-image_img_vert b-image_loaded_true b-offer__preview"><div class="b-image__root"><div class="b-image__cap b-image__cap_loading_false"><!----></div><img src="https://leonardo.edadeal.io/dyn/cr/catalyst/offers/2w3v5fmrvobmwu5vdkvcgogova.jpg" alt="Мидии в рассоле, Fish House, 300г со скидкой" class="b-image__img" style=""></div></div> <div class="b-offer__offer-info"><div class="b-offer__badge">-37%</div> <div class="b-offer__dates">По&nbsp;8&nbsp;августа <div title="Пятёрочка" class="b-image b-image_disabled_false b-image_cap_f b-image_img_vert b-image_loaded_true b-offer__retailer-icon"><div class="b-image__root"><div class="b-image__cap b-image__cap_loading_false"><!----></div><img src="https://leonardo.edadeal.io/dyn/re/retailers/images/icons/sq/06c522eb34f54fed99665f69cb0794b7.png" alt="Пятёрочка" class="b-image__img" style=""></div></div></div></div></div> <div class="b-offer__product-info"><div title="" class="b-offer__description">Мидии в&nbsp;рассоле, Fish House, 300г</div> <div class="b-offer__quantity"><!----> 300 г / 399,97 ₽ за кг</div></div> <div class="b-offer__footer"><div class="b-offer__prices"><div title="119,99 ₽" class="b-offer__price-new">119,99 ₽</div> <div title="189,99 ₽" class="b-offer__price-old">189,99 ₽</div> <!----></div> <!----></div></div></div></a><!----><a href="/sankt-peterburg/offers/5fd1e69f-0160-55cb-af03-92a6a0ca5354?from=%2Fsankt-peterburg%2Fretailers%2F5ka%3Fpage%3D2" class="p-retailer__offer"><div class="b-offer b-offer_disabled_false b-offer_view_default b-offer_is-outdated_false b-offer_is-recipe-drug_false b-offer_is-added-to-cart_false"><!----> <div class="b-offer__root"><div class="b-offer__header"><div class="b-image b-image_disabled_false b-image_cap_s b-image_img_vert b-image_loaded_true b-offer__preview"><div class="b-image__root"><div class="b-image__cap b-image__cap_loading_false"><!----></div><img src="https://leonardo.edadeal.io/dyn/cr/catalyst/offers/etgblv6owpcomfuhc3txftfbzu.jpg" alt="Маслины Global Village, чёрные, без косточки, 425 г со скидкой" class="b-image__img" style=""></div></div> <div class="b-offer__offer-info"><div class="b-offer__badge">2+1</div> <div class="b-offer__dates">По&nbsp;31&nbsp;августа <div title="Пятёрочка" class="b-image b-image_disabled_false b-image_cap_f b-image_img_vert b-image_loaded_true b-offer__retailer-icon"><div class="b-image__root"><div class="b-image__cap b-image__cap_loading_false"><!----></div><img src="https://leonardo.edadeal.io/dyn/re/retailers/images/icons/sq/06c522eb34f54fed99665f69cb0794b7.png" alt="Пятёрочка" class="b-image__img" style=""></div></div></div></div></div> <div class="b-offer__product-info"><div title="" class="b-offer__description">Маслины Global Village, чёрные, без косточки, 425&nbsp;г</div> <div class="b-offer__quantity"><!----> 425 г / 204,68 ₽ за кг</div></div> <div class="b-offer__footer"><div class="b-offer__prices"><div title="86,99 ₽" class="b-offer__price-new">86,99 ₽</div> <div title="130,49 ₽" class="b-offer__price-old">130,49 ₽</div> <!----></div> <!----></div></div></div></a><!----><a href="/sankt-peterburg/offers/64ced7aa-34b5-5617-921c-2373879e08a3?from=%2Fsankt-peterburg%2Fretailers%2F5ka%3Fpage%3D2" class="p-retailer__offer"><div class="b-offer b-offer_disabled_false b-offer_view_default b-offer_is-outdated_false b-offer_is-recipe-drug_false b-offer_is-added-to-cart_false"><!----> <div class="b-offer__root"><div class="b-offer__header"><div class="b-image b-image_disabled_false b-image_cap_s b-image_img_vert b-image_loaded_true b-offer__preview"><div class="b-image__root"><div class="b-image__cap b-image__cap_loading_false"><!----></div><img src="https://leonardo.edadeal.io/dyn/cr/catalyst/offers/mzokhsdphjyiixu5tc2dt5al7q.jpg" alt="Шампиньоны Global Village, маринованные, резаные, 400 мл со скидкой" class="b-image__img" style=""></div></div> <div class="b-offer__offer-info"><div class="b-offer__badge">2+1</div> <div class="b-offer__dates">По&nbsp;31&nbsp;августа <div title="Пятёрочка" class="b-image b-image_disabled_false b-image_cap_f b-image_img_vert b-image_loaded_true b-offer__retailer-icon"><div class="b-image__root"><div class="b-image__cap b-image__cap_loading_false"><!----></div><img src="https://leonardo.edadeal.io/dyn/re/retailers/images/icons/sq/06c522eb34f54fed99665f69cb0794b7.png" alt="Пятёрочка" class="b-image__img" style=""></div></div></div></div></div> <div class="b-offer__product-info"><div title="" class="b-offer__description">Шампиньоны Global Village, маринованные, резаные, 400&nbsp;мл</div> <div class="b-offer__quantity"><!----> 400 мл / 249,97 ₽ за л</div></div> <div class="b-offer__footer"><div class="b-offer__prices"><div title="99,99 ₽" class="b-offer__price-new">99,99 ₽</div> <div title="149,99 ₽" class="b-offer__price-old">149,99 ₽</div> <!----></div> <!----></div></div></div></a><!----><a href="/sankt-peterburg/offers/869dc173-3c8d-568f-aa84-a08764c6f86a?from=%2Fsankt-peterburg%2Fretailers%2F5ka%3Fpage%3D2" class="p-retailer__offer"><div class="b-offer b-offer_disabled_false b-offer_view_default b-offer_is-outdated_false b-offer_is-recipe-drug_false b-offer_is-added-to-cart_false"><!----> <div class="b-offer__root"><div class="b-offer__header"><div class="b-image b-image_disabled_false b-image_cap_s b-image_img_vert b-image_loaded_true b-offer__preview"><div class="b-image__root"><div class="b-image__cap b-image__cap_loading_false"><!----></div><img src="https://leonardo.edadeal.io/dyn/cr/catalyst/offers/tsg2wyvvnngnxsrl4pjq3xg2nu.jpg" alt="Коктейль из морепродуктов, в рассоле, Fish House, 300 г со скидкой" class="b-image__img" style=""></div></div> <div class="b-offer__offer-info"><div class="b-offer__badge">-38%</div> <div class="b-offer__dates">По&nbsp;8&nbsp;августа <div title="Пятёрочка" class="b-image b-image_disabled_false b-image_cap_f b-image_img_vert b-image_loaded_true b-offer__retailer-icon"><div class="b-image__root"><div class="b-image__cap b-image__cap_loading_false"><!----></div><img src="https://leonardo.edadeal.io/dyn/re/retailers/images/icons/sq/06c522eb34f54fed99665f69cb0794b7.png" alt="Пятёрочка" class="b-image__img" style=""></div></div></div></div></div> <div class="b-offer__product-info"><div title="" class="b-offer__description">Коктейль из&nbsp;морепродуктов, в&nbsp;рассоле, Fish House, 300&nbsp;г</div> <div class="b-offer__quantity"><!----> 300 г / 449,97 ₽ за кг</div></div> <div class="b-offer__footer"><div class="b-offer__prices"><div title="134,99 ₽" class="b-offer__price-new">134,99 ₽</div> <div title="214,99 ₽" class="b-offer__price-old">214,99 ₽</div> <!----></div> <!----></div></div></div></a><!----><a href="/sankt-peterburg/offers/2eff473b-4a8c-585f-ba13-789318152a57?from=%2Fsankt-peterburg%2Fretailers%2F5ka%3Fpage%3D2" class="p-retailer__offer"><div class="b-offer b-offer_disabled_false b-offer_view_default b-offer_is-outdated_false b-offer_is-recipe-drug_false b-offer_is-added-to-cart_false"><!----> <div class="b-offer__root"><div class="b-offer__header"><div class="b-image b-image_disabled_false b-image_cap_s b-image_img_vert b-image_loaded_true b-offer__preview"><div class="b-image__root"><div class="b-image__cap b-image__cap_loading_false"><!----></div><img src="https://leonardo.edadeal.io/dyn/cr/catalyst/offers/u6eosyxzjzs375nsqcubohrpem.jpg" alt="Сельдь Царская, в масле, с пикантными специями, филе-кусочки, Kingfish, 380 г со скидкой" class="b-image__img" style=""></div></div> <div class="b-offer__offer-info"><div class="b-offer__badge">-39%</div> <div class="b-offer__dates">По&nbsp;31&nbsp;августа <div title="Пятёрочка" class="b-image b-image_disabled_false b-image_cap_f b-image_img_vert b-image_loaded_true b-offer__retailer-icon"><div class="b-image__root"><div class="b-image__cap b-image__cap_loading_false"><!----></div><img src="https://leonardo.edadeal.io/dyn/re/retailers/images/icons/sq/06c522eb34f54fed99665f69cb0794b7.png" alt="Пятёрочка" class="b-image__img" style=""></div></div></div></div></div> <div class="b-offer__product-info"><div title="Сельдь Царская, в масле, с пикантными специями, филе-кусочки, Kingfish, 380 г" class="b-offer__description">Сельдь Царская, в&nbsp;масле, с&nbsp;пикантными специями, филе…</div> <div class="b-offer__quantity"><!----> 380 г / 289,45 ₽ за кг</div></div> <div class="b-offer__footer"><div class="b-offer__prices"><div title="109,99 ₽" class="b-offer__price-new">109,99 ₽</div> <div title="179,99 ₽" class="b-offer__price-old">179,99 ₽</div> <!----></div> <!----></div></div></div></a><!----><a href="/sankt-peterburg/offers/6ee91ac5-4ee9-5884-b232-d6e246edad32?from=%2Fsankt-peterburg%2Fretailers%2F5ka%3Fpage%3D2" class="p-retailer__offer"><div class="b-offer b-offer_disabled_false b-offer_view_default b-offer_is-outdated_false b-offer_is-recipe-drug_false b-offer_is-added-to-cart_false"><!----> <div class="b-offer__root"><div class="b-offer__header"><div class="b-image b-image_disabled_false b-image_cap_s b-image_img_vert b-image_loaded_true b-offer__preview"><div class="b-image__root"><div class="b-image__cap b-image__cap_loading_false"><!----></div><img src="https://leonardo.edadeal.io/dyn/cr/catalyst/offers/luuez34nkk5f6z727jzkidtv2m.jpg" alt="Средство чистящее Vanish Gold, для чистки ковров, 450 мл со скидкой" class="b-image__img" style=""></div></div> <div class="b-offer__offer-info"><div class="b-offer__badge">-39%</div> <div class="b-offer__dates">По&nbsp;31&nbsp;августа <div title="Пятёрочка" class="b-image b-image_disabled_false b-image_cap_f b-image_img_vert b-image_loaded_true b-offer__retailer-icon"><div class="b-image__root"><div class="b-image__cap b-image__cap_loading_false"><!----></div><img src="https://leonardo.edadeal.io/dyn/re/retailers/images/icons/sq/06c522eb34f54fed99665f69cb0794b7.png" alt="Пятёрочка" class="b-image__img" style=""></div></div></div></div></div> <div class="b-offer__product-info"><div title="" class="b-offer__description">Средство чистящее Vanish Gold, для чистки ковров, 450&nbsp;мл</div> <div class="b-offer__quantity"><!----> 450 мл / 555,53 ₽ за л</div></div> <div class="b-offer__footer"><div class="b-offer__prices"><div title="249,99 ₽" class="b-offer__price-new">249,99 ₽</div> <div title="404,99 ₽" class="b-offer__price-old">404,99 ₽</div> <!----></div> <!----></div></div></div></a><!----><a href="/sankt-peterburg/offers/09a3006a-33af-53f4-b56a-112bf300491f?from=%2Fsankt-peterburg%2Fretailers%2F5ka%3Fpage%3D2" class="p-retailer__offer"><div class="b-offer b-offer_disabled_false b-offer_view_default b-offer_is-outdated_false b-offer_is-recipe-drug_false b-offer_is-added-to-cart_false"><!----> <div class="b-offer__root"><div class="b-offer__header"><div class="b-image b-image_disabled_false b-image_cap_s b-image_img_vert b-image_loaded_true b-offer__preview"><div class="b-image__root"><div class="b-image__cap b-image__cap_loading_false"><!----></div><img src="https://leonardo.edadeal.io/dyn/cr/catalyst/offers/hfjeim7i2nkemq2g34tonurzcm.jpg" alt="Котлеты Четверг, рыбные из трески, замороженные, Мурман Фиш, 300 г со скидкой" class="b-image__img" style=""></div></div> <div class="b-offer__offer-info"><div class="b-offer__badge">-36%</div> <div class="b-offer__dates">По&nbsp;8&nbsp;августа <div title="Пятёрочка" class="b-image b-image_disabled_false b-image_cap_f b-image_img_vert b-image_loaded_true b-offer__retailer-icon"><div class="b-image__root"><div class="b-image__cap b-image__cap_loading_false"><!----></div><img src="https://leonardo.edadeal.io/dyn/re/retailers/images/icons/sq/06c522eb34f54fed99665f69cb0794b7.png" alt="Пятёрочка" class="b-image__img" style=""></div></div></div></div></div> <div class="b-offer__product-info"><div title="Котлеты Четверг, рыбные из трески, замороженные, Мурман Фиш, 300 г" class="b-offer__description">Котлеты Четверг, рыбные из&nbsp;трески, замороженные, Мурман Фиш,…</div> <div class="b-offer__quantity"><!----> 300 г / 366,63 ₽ за кг</div></div> <div class="b-offer__footer"><div class="b-offer__prices"><div title="109,99 ₽" class="b-offer__price-new">109,99 ₽</div> <div title="169,99 ₽" class="b-offer__price-old">169,99 ₽</div> <!----></div> <!----></div></div></div></a><div id="offers_cards_place" class="p-retailer__rtb-block p-retailer__rtb-block_type_offers_cards"><div id="rtb-R-I-338751-8-3-fda78103beecf" class="rtb-output-4bd4242d9157f"><div></div></div></div><a href="/sankt-peterburg/offers/201b38d5-0b83-5fa9-9b9a-fc831e75af4b?from=%2Fsankt-peterburg%2Fretailers%2F5ka%3Fpage%3D2" class="p-retailer__offer"><div class="b-offer b-offer_disabled_false b-offer_view_default b-offer_is-outdated_false b-offer_is-recipe-drug_false b-offer_is-added-to-cart_false"><!----> <div class="b-offer__root"><div class="b-offer__header"><div class="b-image b-image_disabled_false b-image_cap_s b-image_img_vert b-image_loaded_true b-offer__preview"><div class="b-image__root"><div class="b-image__cap b-image__cap_loading_false"><!----></div><img src="https://leonardo.edadeal.io/dyn/cr/catalyst/offers/rabdmeaknkuactjdfp6zd7uxk4.jpg" alt="Вареники Украинские, с картофелем, Морозко, 900 г со скидкой" class="b-image__img" style=""></div></div> <div class="b-offer__offer-info"><div class="b-offer__badge">-40%</div> <div class="b-offer__dates">По&nbsp;31&nbsp;августа <div title="Пятёрочка" class="b-image b-image_disabled_false b-image_cap_f b-image_img_vert b-image_loaded_true b-offer__retailer-icon"><div class="b-image__root"><div class="b-image__cap b-image__cap_loading_false"><!----></div><img src="https://leonardo.edadeal.io/dyn/re/retailers/images/icons/sq/06c522eb34f54fed99665f69cb0794b7.png" alt="Пятёрочка" class="b-image__img" style=""></div></div></div></div></div> <div class="b-offer__product-info"><div title="" class="b-offer__description">Вареники Украинские, с&nbsp;картофелем, Морозко, 900&nbsp;г</div> <div class="b-offer__quantity"><!----> 900 г / 177,77 ₽ за кг</div></div> <div class="b-offer__footer"><div class="b-offer__prices"><div title="159,99 ₽" class="b-offer__price-new">159,99 ₽</div> <div title="265,39 ₽" class="b-offer__price-old">265,39 ₽</div> <!----></div> <!----></div></div></div></a><!----><a href="/sankt-peterburg/offers/f460992f-f87b-57de-9812-9067cda3d67b?from=%2Fsankt-peterburg%2Fretailers%2F5ka%3Fpage%3D2" class="p-retailer__offer"><div class="b-offer b-offer_disabled_false b-offer_view_default b-offer_is-outdated_false b-offer_is-recipe-drug_false b-offer_is-added-to-cart_false"><!----> <div class="b-offer__root"><div class="b-offer__header"><div class="b-image b-image_disabled_false b-image_cap_s b-image_img_vert b-image_loaded_true b-offer__preview"><div class="b-image__root"><div class="b-image__cap b-image__cap_loading_false"><!----></div><img src="https://leonardo.edadeal.io/dyn/cr/catalyst/offers/w45f6wx5trsau5aflzbgnbg7ze.jpg" alt="Конфеты Ленинградские, Фабрика имени Крупской, 100 г со скидкой" class="b-image__img" style=""></div></div> <div class="b-offer__offer-info"><div class="b-offer__badge">-39%</div> <div class="b-offer__dates">По&nbsp;31&nbsp;августа <div title="Пятёрочка" class="b-image b-image_disabled_false b-image_cap_f b-image_img_vert b-image_loaded_true b-offer__retailer-icon"><div class="b-image__root"><div class="b-image__cap b-image__cap_loading_false"><!----></div><img src="https://leonardo.edadeal.io/dyn/re/retailers/images/icons/sq/06c522eb34f54fed99665f69cb0794b7.png" alt="Пятёрочка" class="b-image__img" style=""></div></div></div></div></div> <div class="b-offer__product-info"><div title="" class="b-offer__description">Конфеты Ленинградские, Фабрика имени Крупской, 100&nbsp;г</div> <div class="b-offer__quantity"><!----> 100 г / 399,90 ₽ за кг</div></div> <div class="b-offer__footer"><div class="b-offer__prices"><div title="39,99 ₽" class="b-offer__price-new">39,99 ₽</div> <div title="64,99 ₽" class="b-offer__price-old">64,99 ₽</div> <!----></div> <!----></div></div></div></a><!----><a href="/sankt-peterburg/offers/b5a1000d-1575-581e-bd5c-e561345518e4?from=%2Fsankt-peterburg%2Fretailers%2F5ka%3Fpage%3D2" class="p-retailer__offer"><div class="b-offer b-offer_disabled_false b-offer_view_default b-offer_is-outdated_false b-offer_is-recipe-drug_false b-offer_is-added-to-cart_false"><!----> <div class="b-offer__root"><div class="b-offer__header"><div class="b-image b-image_disabled_false b-image_cap_s b-image_img_vert b-image_loaded_true b-offer__preview"><div class="b-image__root"><div class="b-image__cap b-image__cap_loading_false"><!----></div><img src="https://leonardo.edadeal.io/dyn/cr/catalyst/offers/2jprrmbrvmkyv6vgzw3osqr6jy.jpg" alt="Огурцы 6 Соток, хрустящие, маринованные, 720 мл со скидкой" class="b-image__img" style=""></div></div> <div class="b-offer__offer-info"><div class="b-offer__badge">-35%</div> <div class="b-offer__dates">По&nbsp;31&nbsp;августа <div title="Пятёрочка" class="b-image b-image_disabled_false b-image_cap_f b-image_img_vert b-image_loaded_true b-offer__retailer-icon"><div class="b-image__root"><div class="b-image__cap b-image__cap_loading_false"><!----></div><img src="https://leonardo.edadeal.io/dyn/re/retailers/images/icons/sq/06c522eb34f54fed99665f69cb0794b7.png" alt="Пятёрочка" class="b-image__img" style=""></div></div></div></div></div> <div class="b-offer__product-info"><div title="" class="b-offer__description">Огурцы 6&nbsp;Соток, хрустящие, маринованные, 720&nbsp;мл</div> <div class="b-offer__quantity"><!----> 720 мл / 222,21 ₽ за л</div></div> <div class="b-offer__footer"><div class="b-offer__prices"><div title="159,99 ₽" class="b-offer__price-new">159,99 ₽</div> <div title="245,99 ₽" class="b-offer__price-old">245,99 ₽</div> <!----></div> <!----></div></div></div></a><!----><a href="/sankt-peterburg/offers/57eed553-156b-5ef3-a42a-cf79fc9de656?from=%2Fsankt-peterburg%2Fretailers%2F5ka%3Fpage%3D2" class="p-retailer__offer"><div class="b-offer b-offer_disabled_false b-offer_view_default b-offer_is-outdated_false b-offer_is-recipe-drug_false b-offer_is-added-to-cart_false"><!----> <div class="b-offer__root"><div class="b-offer__header"><div class="b-image b-image_disabled_false b-image_cap_s b-image_img_vert b-image_loaded_true b-offer__preview"><div class="b-image__root"><div class="b-image__cap b-image__cap_loading_false"><!----></div><img src="https://leonardo.edadeal.io/dyn/cr/catalyst/offers/i5alvpich7ydwofmmkjm2s2q5e.jpg" alt="Крабовые палочки Снежный Краб, имитация, охлажденные, Fish House, 200 г со скидкой" class="b-image__img" style=""></div></div> <div class="b-offer__offer-info"><div class="b-offer__badge">-34%</div> <div class="b-offer__dates">По&nbsp;8&nbsp;августа <div title="Пятёрочка" class="b-image b-image_disabled_false b-image_cap_f b-image_img_vert b-image_loaded_true b-offer__retailer-icon"><div class="b-image__root"><div class="b-image__cap b-image__cap_loading_false"><!----></div><img src="https://leonardo.edadeal.io/dyn/re/retailers/images/icons/sq/06c522eb34f54fed99665f69cb0794b7.png" alt="Пятёрочка" class="b-image__img" style=""></div></div></div></div></div> <div class="b-offer__product-info"><div title="Крабовые палочки Снежный Краб, имитация, охлажденные, Fish House, 200 г" class="b-offer__description">Крабовые палочки Снежный Краб, имитация, охлажденные, Fish…</div> <div class="b-offer__quantity"><!----> 200 г / 499,95 ₽ за кг</div></div> <div class="b-offer__footer"><div class="b-offer__prices"><div title="99,99 ₽" class="b-offer__price-new">99,99 ₽</div> <div title="149,99 ₽" class="b-offer__price-old">149,99 ₽</div> <!----></div> <!----></div></div></div></a><!----><a href="/sankt-peterburg/offers/bb78ed8f-917e-55ee-9cdf-c6dc98bfb73d?from=%2Fsankt-peterburg%2Fretailers%2F5ka%3Fpage%3D2" class="p-retailer__offer"><div class="b-offer b-offer_disabled_false b-offer_view_default b-offer_is-outdated_false b-offer_is-recipe-drug_false b-offer_is-added-to-cart_false"><!----> <div class="b-offer__root"><div class="b-offer__header"><div class="b-image b-image_disabled_false b-image_cap_s b-image_img_vert b-image_loaded_true b-offer__preview"><div class="b-image__root"><div class="b-image__cap b-image__cap_loading_false"><!----></div><img src="https://leonardo.edadeal.io/dyn/cr/catalyst/offers/q5qbzx3vatbboo2zw62ids654u.jpg" alt="Шоколад Milka, молочный, с фундуком и карамелью, 300 г со скидкой" class="b-image__img" style=""></div></div> <div class="b-offer__offer-info"><div class="b-offer__badge">-41%</div> <div class="b-offer__dates">По&nbsp;8&nbsp;августа <div title="Пятёрочка" class="b-image b-image_disabled_false b-image_cap_f b-image_img_vert b-image_loaded_true b-offer__retailer-icon"><div class="b-image__root"><div class="b-image__cap b-image__cap_loading_false"><!----></div><img src="https://leonardo.edadeal.io/dyn/re/retailers/images/icons/sq/06c522eb34f54fed99665f69cb0794b7.png" alt="Пятёрочка" class="b-image__img" style=""></div></div></div></div></div> <div class="b-offer__product-info"><div title="" class="b-offer__description">Шоколад Milka, молочный, с&nbsp;фундуком и&nbsp;карамелью, 300&nbsp;г</div> <div class="b-offer__quantity"><!----> 300 г / 733,30 ₽ за кг</div></div> <div class="b-offer__footer"><div class="b-offer__prices"><div title="219,99 ₽" class="b-offer__price-new">219,99 ₽</div> <div title="369,99 ₽" class="b-offer__price-old">369,99 ₽</div> <!----></div> <!----></div></div></div></a><!----><a href="/sankt-peterburg/offers/0072b0c1-7523-57ec-8836-5f8ca17ced3e?from=%2Fsankt-peterburg%2Fretailers%2F5ka%3Fpage%3D2" class="p-retailer__offer"><div class="b-offer b-offer_disabled_false b-offer_view_default b-offer_is-outdated_false b-offer_is-recipe-drug_false b-offer_is-added-to-cart_false"><!----> <div class="b-offer__root"><div class="b-offer__header"><div class="b-image b-image_disabled_false b-image_cap_s b-image_img_vert b-image_loaded_true b-offer__preview"><div class="b-image__root"><div class="b-image__cap b-image__cap_loading_false"><!----></div><img src="https://leonardo.edadeal.io/dyn/cr/catalyst/offers/c3iacrpapuaoktvbggrwa7rknm.jpg" alt="Шоколад Milka, Strawberry Cheesecake, 300 г со скидкой" class="b-image__img" style=""></div></div> <div class="b-offer__offer-info"><div class="b-offer__badge">-41%</div> <div class="b-offer__dates">По&nbsp;8&nbsp;августа <div title="Пятёрочка" class="b-image b-image_disabled_false b-image_cap_f b-image_img_vert b-image_loaded_true b-offer__retailer-icon"><div class="b-image__root"><div class="b-image__cap b-image__cap_loading_false"><!----></div><img src="https://leonardo.edadeal.io/dyn/re/retailers/images/icons/sq/06c522eb34f54fed99665f69cb0794b7.png" alt="Пятёрочка" class="b-image__img" style=""></div></div></div></div></div> <div class="b-offer__product-info"><div title="" class="b-offer__description">Шоколад Milka, Strawberry Cheesecake, 300&nbsp;г</div> <div class="b-offer__quantity"><!----> 300 г / 733,30 ₽ за кг</div></div> <div class="b-offer__footer"><div class="b-offer__prices"><div title="219,99 ₽" class="b-offer__price-new">219,99 ₽</div> <div title="369,99 ₽" class="b-offer__price-old">369,99 ₽</div> <!----></div> <!----></div></div></div></a><!----><a href="/sankt-peterburg/offers/92220af7-8def-5fb7-85b5-025a4529f5ad?from=%2Fsankt-peterburg%2Fretailers%2F5ka%3Fpage%3D2" class="p-retailer__offer"><div class="b-offer b-offer_disabled_false b-offer_view_default b-offer_is-outdated_false b-offer_is-recipe-drug_false b-offer_is-added-to-cart_false"><!----> <div class="b-offer__root"><div class="b-offer__header"><div class="b-image b-image_disabled_false b-image_cap_s b-image_img_vert b-image_loaded_true b-offer__preview"><div class="b-image__root"><div class="b-image__cap b-image__cap_loading_false"><!----></div><img src="https://leonardo.edadeal.io/dyn/cr/catalyst/offers/bujwmhpfrvrn2oiivxznpschia.jpg" alt="Котлеты по-домашнему, Ложкаревъ, 400 г со скидкой" class="b-image__img" style=""></div></div> <div class="b-offer__offer-info"><div class="b-offer__badge">От&nbsp;2&nbsp;шт</div> <div class="b-offer__dates">По&nbsp;8&nbsp;августа <div title="Пятёрочка" class="b-image b-image_disabled_false b-image_cap_f b-image_img_vert b-image_loaded_true b-offer__retailer-icon"><div class="b-image__root"><div class="b-image__cap b-image__cap_loading_false"><!----></div><img src="https://leonardo.edadeal.io/dyn/re/retailers/images/icons/sq/06c522eb34f54fed99665f69cb0794b7.png" alt="Пятёрочка" class="b-image__img" style=""></div></div></div></div></div> <div class="b-offer__product-info"><div title="" class="b-offer__description">Котлеты по-домашнему, Ложкаревъ, 400&nbsp;г</div> <div class="b-offer__quantity"><!----> 400 г / 199,97 ₽ за кг</div></div> <div class="b-offer__footer"><div class="b-offer__prices"><div title="79,99 ₽" class="b-offer__price-new">79,99 ₽</div> <div title="142,19 ₽" class="b-offer__price-old">142,19 ₽</div> <!----></div> <!----></div></div></div></a><!----><a href="/sankt-peterburg/offers/d12b2b35-558e-59d3-a00e-8e6a12e10ec8?from=%2Fsankt-peterburg%2Fretailers%2F5ka%3Fpage%3D2" class="p-retailer__offer"><div class="b-offer b-offer_disabled_false b-offer_view_default b-offer_is-outdated_false b-offer_is-recipe-drug_false b-offer_is-added-to-cart_false"><!----> <div class="b-offer__root"><div class="b-offer__header"><div class="b-image b-image_disabled_false b-image_cap_s b-image_img_vert b-image_loaded_true b-offer__preview"><div class="b-image__root"><div class="b-image__cap b-image__cap_loading_false"><!----></div><img src="https://leonardo.edadeal.io/dyn/cr/catalyst/offers/b3rp5zc5nt3hohoijh5kqlljp4.jpg" alt="Крем-гель для душа Dove, питание и увлажнение, 250 мл со скидкой" class="b-image__img" style=""></div></div> <div class="b-offer__offer-info"><div class="b-offer__badge">-43%</div> <div class="b-offer__dates">По&nbsp;31&nbsp;августа <div title="Пятёрочка" class="b-image b-image_disabled_false b-image_cap_f b-image_img_vert b-image_loaded_true b-offer__retailer-icon"><div class="b-image__root"><div class="b-image__cap b-image__cap_loading_false"><!----></div><img src="https://leonardo.edadeal.io/dyn/re/retailers/images/icons/sq/06c522eb34f54fed99665f69cb0794b7.png" alt="Пятёрочка" class="b-image__img" style=""></div></div></div></div></div> <div class="b-offer__product-info"><div title="" class="b-offer__description">Крем-гель для душа Dove, питание и&nbsp;увлажнение, 250&nbsp;мл</div> <div class="b-offer__quantity"><!----> 250 мл / 639,96 ₽ за л</div></div> <div class="b-offer__footer"><div class="b-offer__prices"><div title="159,99 ₽" class="b-offer__price-new">159,99 ₽</div> <div title="279,19 ₽" class="b-offer__price-old">279,19 ₽</div> <!----></div> <!----></div></div></div></a><div id="offers_cards_place" class="p-retailer__rtb-block p-retailer__rtb-block_type_offers_cards"><div id="rtb-R-I-338751-8-4-91d118489526d" class="rtb-output-4bd4242d9157f"><div></div></div></div><a href="/sankt-peterburg/offers/31040f0b-f485-5af8-ab8f-383af87c1d9f?from=%2Fsankt-peterburg%2Fretailers%2F5ka%3Fpage%3D2" class="p-retailer__offer"><div class="b-offer b-offer_disabled_false b-offer_view_default b-offer_is-outdated_false b-offer_is-recipe-drug_false b-offer_is-added-to-cart_false"><!----> <div class="b-offer__root"><div class="b-offer__header"><div class="b-image b-image_disabled_false b-image_cap_s b-image_img_vert b-image_loaded_true b-offer__preview"><div class="b-image__root"><div class="b-image__cap b-image__cap_loading_false"><!----></div><img src="https://leonardo.edadeal.io/dyn/cr/catalyst/offers/jz7rvlm3xcwiwcmugek7j6np3i.jpg" alt="Смесь Maggi На второе, для сочных куриных грудок в соусе три сыра, 22г со скидкой" class="b-image__img" style=""></div></div> <div class="b-offer__offer-info"><div class="b-offer__badge">-43%</div> <div class="b-offer__dates">По&nbsp;31&nbsp;августа <div title="Пятёрочка" class="b-image b-image_disabled_false b-image_cap_f b-image_img_vert b-image_loaded_true b-offer__retailer-icon"><div class="b-image__root"><div class="b-image__cap b-image__cap_loading_false"><!----></div><img src="https://leonardo.edadeal.io/dyn/re/retailers/images/icons/sq/06c522eb34f54fed99665f69cb0794b7.png" alt="Пятёрочка" class="b-image__img" style=""></div></div></div></div></div> <div class="b-offer__product-info"><div title="Смесь Maggi На второе, для сочных куриных грудок в соусе три сыра, 22г" class="b-offer__description">Смесь Maggi На&nbsp;второе, для сочных куриных грудок в&nbsp;соусе три…</div> <div class="b-offer__quantity"><!----> 22 г / 1&nbsp;817,73 ₽ за кг</div></div> <div class="b-offer__footer"><div class="b-offer__prices"><div title="39,99 ₽" class="b-offer__price-new">39,99 ₽</div> <div title="69,99 ₽" class="b-offer__price-old">69,99 ₽</div> <!----></div> <!----></div></div></div></a><!----><a href="/sankt-peterburg/offers/63b7d411-f630-5e90-b632-025f315f19ed?from=%2Fsankt-peterburg%2Fretailers%2F5ka%3Fpage%3D2" class="p-retailer__offer"><div class="b-offer b-offer_disabled_false b-offer_view_default b-offer_is-outdated_false b-offer_is-recipe-drug_false b-offer_is-added-to-cart_false"><!----> <div class="b-offer__root"><div class="b-offer__header"><div class="b-image b-image_disabled_false b-image_cap_s b-image_img_vert b-image_loaded_true b-offer__preview"><div class="b-image__root"><div class="b-image__cap b-image__cap_loading_false"><!----></div><img src="https://leonardo.edadeal.io/dyn/cr/catalyst/offers/fyfk2k3ucd2mz7abcunzvcczty.jpg" alt="Сдоба Венская, с яблоком и корицей, Аладушкин, 200 г со скидкой" class="b-image__img" style=""></div></div> <div class="b-offer__offer-info"><div class="b-offer__badge">2+1</div> <div class="b-offer__dates">По&nbsp;8&nbsp;августа <div title="Пятёрочка" class="b-image b-image_disabled_false b-image_cap_f b-image_img_vert b-image_loaded_true b-offer__retailer-icon"><div class="b-image__root"><div class="b-image__cap b-image__cap_loading_false"><!----></div><img src="https://leonardo.edadeal.io/dyn/re/retailers/images/icons/sq/06c522eb34f54fed99665f69cb0794b7.png" alt="Пятёрочка" class="b-image__img" style=""></div></div></div></div></div> <div class="b-offer__product-info"><div title="" class="b-offer__description">Сдоба Венская, с&nbsp;яблоком и&nbsp;корицей, Аладушкин, 200&nbsp;г</div> <div class="b-offer__quantity"><!----> 200 г / 199,95 ₽ за кг</div></div> <div class="b-offer__footer"><div class="b-offer__prices"><div title="39,99 ₽" class="b-offer__price-new">39,99 ₽</div> <div title="59,99 ₽" class="b-offer__price-old">59,99 ₽</div> <!----></div> <!----></div></div></div></a><!----><a href="/sankt-peterburg/offers/c54c0850-36f3-54c0-a799-a3b5b3efb252?from=%2Fsankt-peterburg%2Fretailers%2F5ka%3Fpage%3D2" class="p-retailer__offer"><div class="b-offer b-offer_disabled_false b-offer_view_default b-offer_is-outdated_false b-offer_is-recipe-drug_false b-offer_is-added-to-cart_false"><!----> <div class="b-offer__root"><div class="b-offer__header"><div class="b-image b-image_disabled_false b-image_cap_s b-image_img_vert b-image_loaded_true b-offer__preview"><div class="b-image__root"><div class="b-image__cap b-image__cap_loading_false"><!----></div><img src="https://leonardo.edadeal.io/dyn/cr/catalyst/offers/e5ymtfsf5sczzfnawmqridlvqq.jpg" alt="Шампунь Чистая Линия, 2 в 1, 400 мл со скидкой" class="b-image__img" style=""></div></div> <div class="b-offer__offer-info"><div class="b-offer__badge">-36%</div> <div class="b-offer__dates">По&nbsp;31&nbsp;августа <div title="Пятёрочка" class="b-image b-image_disabled_false b-image_cap_f b-image_img_vert b-image_loaded_true b-offer__retailer-icon"><div class="b-image__root"><div class="b-image__cap b-image__cap_loading_false"><!----></div><img src="https://leonardo.edadeal.io/dyn/re/retailers/images/icons/sq/06c522eb34f54fed99665f69cb0794b7.png" alt="Пятёрочка" class="b-image__img" style=""></div></div></div></div></div> <div class="b-offer__product-info"><div title="" class="b-offer__description">Шампунь Чистая Линия, 2&nbsp;в&nbsp;1, 400&nbsp;мл</div> <div class="b-offer__quantity"><!----> 400 мл / 324,98 ₽ за л</div></div> <div class="b-offer__footer"><div class="b-offer__prices"><div title="129,99 ₽" class="b-offer__price-new">129,99 ₽</div> <div title="199,99 ₽" class="b-offer__price-old">199,99 ₽</div> <!----></div> <!----></div></div></div></a><!----><a href="/sankt-peterburg/offers/c797a8fc-eb75-5223-a30c-0bc280e3f91a?from=%2Fsankt-peterburg%2Fretailers%2F5ka%3Fpage%3D2" class="p-retailer__offer"><div class="b-offer b-offer_disabled_false b-offer_view_default b-offer_is-outdated_false b-offer_is-recipe-drug_false b-offer_is-added-to-cart_false"><!----> <div class="b-offer__root"><div class="b-offer__header"><div class="b-image b-image_disabled_false b-image_cap_s b-image_img_vert b-image_loaded_true b-offer__preview"><div class="b-image__root"><div class="b-image__cap b-image__cap_loading_false"><!----></div><img src="https://leonardo.edadeal.io/dyn/cr/catalyst/offers/ddctj6sphmzj23tmr2odgphrha.jpg" alt="Шампунь Чистая Линия, укрепляющий, 400 мл со скидкой" class="b-image__img" style=""></div></div> <div class="b-offer__offer-info"><div class="b-offer__badge">-36%</div> <div class="b-offer__dates">По&nbsp;31&nbsp;августа <div title="Пятёрочка" class="b-image b-image_disabled_false b-image_cap_f b-image_img_vert b-image_loaded_true b-offer__retailer-icon"><div class="b-image__root"><div class="b-image__cap b-image__cap_loading_false"><!----></div><img src="https://leonardo.edadeal.io/dyn/re/retailers/images/icons/sq/06c522eb34f54fed99665f69cb0794b7.png" alt="Пятёрочка" class="b-image__img" style=""></div></div></div></div></div> <div class="b-offer__product-info"><div title="" class="b-offer__description">Шампунь Чистая Линия, укрепляющий, 400&nbsp;мл</div> <div class="b-offer__quantity"><!----> 400 мл / 324,98 ₽ за л</div></div> <div class="b-offer__footer"><div class="b-offer__prices"><div title="129,99 ₽" class="b-offer__price-new">129,99 ₽</div> <div title="199,99 ₽" class="b-offer__price-old">199,99 ₽</div> <!----></div> <!----></div></div></div></a><!----><a href="/sankt-peterburg/offers/d129d5b7-3161-5b6a-beca-96964002a48d?from=%2Fsankt-peterburg%2Fretailers%2F5ka%3Fpage%3D2" class="p-retailer__offer"><div class="b-offer b-offer_disabled_false b-offer_view_default b-offer_is-outdated_false b-offer_is-recipe-drug_false b-offer_is-added-to-cart_false"><!----> <div class="b-offer__root"><div class="b-offer__header"><div class="b-image b-image_disabled_false b-image_cap_s b-image_img_vert b-image_loaded_true b-offer__preview"><div class="b-image__root"><div class="b-image__cap b-image__cap_loading_false"><!----></div><img src="https://leonardo.edadeal.io/dyn/cr/catalyst/offers/ufon2p5sj4y2bto22ynsbu2n3e.jpg" alt="Шампунь для волос Чистая Линия, сила 5 трав, 400 мл со скидкой" class="b-image__img" style=""></div></div> <div class="b-offer__offer-info"><div class="b-offer__badge">-36%</div> <div class="b-offer__dates">По&nbsp;31&nbsp;августа <div title="Пятёрочка" class="b-image b-image_disabled_false b-image_cap_f b-image_img_vert b-image_loaded_true b-offer__retailer-icon"><div class="b-image__root"><div class="b-image__cap b-image__cap_loading_false"><!----></div><img src="https://leonardo.edadeal.io/dyn/re/retailers/images/icons/sq/06c522eb34f54fed99665f69cb0794b7.png" alt="Пятёрочка" class="b-image__img" style=""></div></div></div></div></div> <div class="b-offer__product-info"><div title="" class="b-offer__description">Шампунь для волос Чистая Линия, сила 5&nbsp;трав, 400&nbsp;мл</div> <div class="b-offer__quantity"><!----> 400 мл / 324,98 ₽ за л</div></div> <div class="b-offer__footer"><div class="b-offer__prices"><div title="129,99 ₽" class="b-offer__price-new">129,99 ₽</div> <div title="199,99 ₽" class="b-offer__price-old">199,99 ₽</div> <!----></div> <!----></div></div></div></a><!----><a href="/sankt-peterburg/offers/fb833db2-d9b7-54f6-a6fc-b37912415287?from=%2Fsankt-peterburg%2Fretailers%2F5ka%3Fpage%3D2" class="p-retailer__offer"><div class="b-offer b-offer_disabled_false b-offer_view_default b-offer_is-outdated_false b-offer_is-recipe-drug_false b-offer_is-added-to-cart_false"><!----> <div class="b-offer__root"><div class="b-offer__header"><div class="b-image b-image_disabled_false b-image_cap_s b-image_img_vert b-image_loaded_true b-offer__preview"><div class="b-image__root"><div class="b-image__cap b-image__cap_loading_false"><!----></div><img src="https://leonardo.edadeal.io/dyn/cr/catalyst/offers/gwuxrus2mfx7gqmycyomgpcdau.jpg" alt="Шампунь Чистая Линия, пшеница и лён, 400 мл со скидкой" class="b-image__img" style=""></div></div> <div class="b-offer__offer-info"><div class="b-offer__badge">-36%</div> <div class="b-offer__dates">По&nbsp;31&nbsp;августа <div title="Пятёрочка" class="b-image b-image_disabled_false b-image_cap_f b-image_img_vert b-image_loaded_true b-offer__retailer-icon"><div class="b-image__root"><div class="b-image__cap b-image__cap_loading_false"><!----></div><img src="https://leonardo.edadeal.io/dyn/re/retailers/images/icons/sq/06c522eb34f54fed99665f69cb0794b7.png" alt="Пятёрочка" class="b-image__img" style=""></div></div></div></div></div> <div class="b-offer__product-info"><div title="" class="b-offer__description">Шампунь Чистая Линия, пшеница и&nbsp;лён, 400&nbsp;мл</div> <div class="b-offer__quantity"><!----> 400 мл / 324,98 ₽ за л</div></div> <div class="b-offer__footer"><div class="b-offer__prices"><div title="129,99 ₽" class="b-offer__price-new">129,99 ₽</div> <div title="199,99 ₽" class="b-offer__price-old">199,99 ₽</div> <!----></div> <!----></div></div></div></a> <!----></div><!----></div> <div class="b-pagination b-pagination_disabled_false b-pagination_overflow_true p-retailer__pagination"><div class="b-pagination__root"><div class="b-pagination__pages"><!----> <!----> <!----><div class="b-button b-button_disabled_false b-button_theme_blank b-button_shape_square b-button_size_m b-button_justify_center b-button_selected_false b-pagination__n"><a href="/sankt-peterburg/retailers/5ka" class="b-button__root"><!----> <div class="b-button__content">1</div> <!----></a></div><div class="b-button b-button_disabled_false b-button_theme_blank b-button_shape_square b-button_size_m b-button_justify_center b-button_selected_true b-pagination__n"><a href="/sankt-peterburg/retailers/5ka?page=2" class="b-button__root"><!----> <div class="b-button__content">2</div> <!----></a></div><div class="b-button b-button_disabled_false b-button_theme_blank b-button_shape_square b-button_size_m b-button_justify_center b-button_selected_false b-pagination__n"><a href="/sankt-peterburg/retailers/5ka?page=3" class="b-button__root"><!----> <div class="b-button__content">3</div> <!----></a></div><div class="b-button b-button_disabled_false b-button_theme_blank b-button_shape_square b-button_size_m b-button_justify_center b-button_selected_false b-pagination__n"><a href="/sankt-peterburg/retailers/5ka?page=4" class="b-button__root"><!----> <div class="b-button__content">4</div> <!----></a></div><div class="b-button b-button_disabled_false b-button_theme_blank b-button_shape_square b-button_size_m b-button_justify_center b-button_selected_false b-pagination__n"><a href="/sankt-peterburg/retailers/5ka?page=5" class="b-button__root"><!----> <div class="b-button__content">5</div> <!----></a></div><div class="b-button b-button_disabled_false b-button_theme_blank b-button_shape_square b-button_size_m b-button_justify_center b-button_selected_false b-pagination__n"><a href="/sankt-peterburg/retailers/5ka?page=6" class="b-button__root"><!----> <div class="b-button__content">6</div> <!----></a></div><div class="b-button b-button_disabled_false b-button_theme_blank b-button_shape_square b-button_size_m b-button_justify_center b-button_selected_false b-pagination__n"><a href="/sankt-peterburg/retailers/5ka?page=7" class="b-button__root"><!----> <div class="b-button__content">7</div> <!----></a></div> <div class="b-pagination__dummy">…  </div><!----> <div class="b-button b-button_disabled_false b-button_theme_blank b-button_shape_square b-button_size_m b-button_justify_center b-button_selected_false b-pagination__n"><a href="/sankt-peterburg/retailers/5ka?page=30" class="b-button__root"><!----> <div class="b-button__content">30</div> <!----></a></div></div> <div class="b-button b-button_disabled_false b-button_theme_blank b-button_shape_default b-button_size_m b-button_justify_start b-button_selected_false b-pagination__next"><a href="/sankt-peterburg/retailers/5ka?page=3" class="b-button__root"><!----> <div class="b-button__content">Вперед →</div> <!----></a></div></div></div> <div id="pagination_place" class="p-retailer__rtb-block p-retailer__rtb-block_type_pagination" style="height: auto;"><div id="rtb-R-I-338751-1-5-1f905f337e6261" class="rtb-output-4bd4242d9157f"><yatag class="h36bd0a9a ie3f28a88"><style type="text/css">.ie3f28a88{opacity: !important;white-space:normal !important;visibility:visible !important}.ie3f28a88,.ie3f28a88 yatag{display:block !important;font-family:inherit !important}.ie3f28a88,.ie3f28a88,.ie3f28a88 a,.ie3f28a88 b,.ie3f28a88 em,.ie3f28a88 iframe,.ie3f28a88 img,.ie3f28a88 table,.ie3f28a88 tbody,.ie3f28a88 td,.ie3f28a88 tr,.ie3f28a88 yatag{-webkit-box-sizing:content-box !important;box-sizing:content-box !important;color:inherit !important;font-size:inherit !important;font-weight:inherit !important;-webkit-hyphens:manual !important;-ms-hyphens:manual !important;hyphens:manual !important;-webkit-transition:none !important;-o-transition:none !important;transition:none !important}.ie3f28a88,.ie3f28a88 a,.ie3f28a88 b,.ie3f28a88 em,.ie3f28a88 iframe,.ie3f28a88 img,.ie3f28a88 table,.ie3f28a88 tbody,.ie3f28a88 td,.ie3f28a88 tr{background:none !important;border:none !important;border-radius:0 !important;border-spacing:0 !important;border-collapse:collapse !important;clear:none !important;float:none !important;font-variant:normal !important;letter-spacing:normal !important;line-height:normal !important;margin:0 !important;max-height:none !important;max-width:none !important;min-height:0 !important;min-width:0 !important;outline:none !important;padding:0 !important;position:static !important;text-align:left !important;text-decoration:none !important;text-indent:0 !important;text-transform:none !important;vertical-align:baseline !important;visibility:inherit !important;word-spacing:normal !important}.ie3f28a88,.ie3f28a88 a,.ie3f28a88 b,.ie3f28a88 em,.ie3f28a88 img,.ie3f28a88 table,.ie3f28a88 tbody,.ie3f28a88 td,.ie3f28a88 tr{height:auto !important}.ie3f28a88 table{display:table !important;empty-cells:hide !important;table-layout:fixed !important}.ie3f28a88 table,.ie3f28a88 td{font-size:100% !important}.ie3f28a88 td{display:table-cell !important;vertical-align:middle !important}.ie3f28a88{width:auto !important;height:auto !important;overflow:visible !important}.ie3f28a88 .e21519817{position:relative !important;margin:auto !important;display:-webkit-box !important;display:-ms-flexbox !important;display:flex !important;-webkit-box-pack:center !important;-ms-flex-pack:center !important;justify-content:center !important;-webkit-box-align:center !important;-ms-flex-align:center !important;align-items:center !important;overflow:hidden !important}.ie3f28a88 .o942ed237{padding:10px 16px 86px !important}.ie3f28a88 .q29ee3838,.ie3f28a88 .w867c239a{position:absolute !important;z-index:1 !important;top:0 !important;left:0 !important;right:0 !important;bottom:0 !important;width:100% !important;height:100% !important;display:none !important}.ie3f28a88 .b7f1d569f{width:100% !important;height:100% !important;position:absolute !important;pointer-events:none !important}.ie3f28a88 .e74783a50{position:relative !important;z-index:2 !important}.ie3f28a88 .l9381b27{position:relative !important;top:0 !important;left:0 !important;width:100% !important;height:100% !important;-webkit-transform-origin:0 0 !important;transform-origin:0 0 !important}.ie3f28a88 .l9381b27 iframe{position:absolute !important;top:0 !important;left:0 !important;width:100% !important;height:100% !important}.ie3f28a88 .ecafee6f8{position:absolute !important;width:100% !important;right:0 !important;top:0 !important;z-index:20 !important}.ie3f28a88 .vae5eeae0{position:absolute !important;z-index:21 !important;top:0 !important;left:0 !important;width:100% !important;height:100% !important}.ie3f28a88 .b3adc0a12{position:absolute !important;top:0 !important;left:0 !important;z-index:10 !important;height:16px !important;padding:0 4px !important;font-size:11px !important;line-height:16px !important;color:#000 !important;text-decoration:none !important;background:#fff !important;border:1px solid #e5e5e5 !important;border-bottom-right-radius:3px !important;cursor:pointer !important}.ie3f28a88 .he0a3a1d6{border:1px solid #303050 !important}.ie3f28a88 .p4be3832{max-width:100% !important;max-height:100% !important}.ie3f28a88 .p4be3832 .q29ee3838,.ie3f28a88 .p4be3832 .w867c239a{display:block !important}.ie3f28a88 .p4be3832 .w867c239a{-webkit-filter:blur(10px) saturate(0) contrast(400%) !important;filter:blur(10px) saturate(0) contrast(400%) !important}.ie3f28a88 .p4be3832 .q29ee3838{background-color:rgba(38,38,38,.9) !important}.ie3f28a88 .j522bab94{-webkit-box-pack:start !important;-ms-flex-pack:start !important;justify-content:flex-start !important}.ie3f28a88 .j66789620,.ie3f28a88 .s6c332f48{visibility:hidden !important;opacity:0 !important}.ie3f28a88 .s6c332f48{max-width:1px !important;max-height:1px !important}.ie3f28a88 .id641612{position:absolute !important;bottom:20px !important;left:16px !important;right:16px !important;z-index:3 !important;display:-webkit-box !important;display:-ms-flexbox !important;display:flex !important}@media (orientation:landscape){.ie3f28a88 .id641612{margin:0 auto !important;width:260px !important}}.ie3f28a88 .n2f69a781{height:48px !important;line-height:48px !important;font-size:16px !important;border-radius:8px !important;text-align:center !important;font-weight:700 !important;-ms-flex-item-align:stretch !important;align-self:stretch !important;padding:0 20px !important;white-space:nowrap !important;min-width:0 !important}.ie3f28a88 .uddb4423a{background:-webkit-gradient(linear,left top,left bottom,from(#efefef),to(#e5e5e5)) !important;background:-o-linear-gradient(top,#efefef 0,#e5e5e5 100%) !important;background:linear-gradient(180deg,#efefef,#e5e5e5) !important;margin-right:8px !important;-webkit-box-flex:2 !important;-ms-flex:2 1 !important;flex:2 1 !important}.ie3f28a88 .ofad6c5e4{background:-webkit-gradient(linear,left top,right top,color-stop(-40%,#f60),color-stop(20%,rgba(255,102,0,0))),-webkit-gradient(linear,right top,left top,color-stop(-40%,#f60),color-stop(20%,rgba(255,102,0,0))),-webkit-gradient(linear,left bottom,left top,color-stop(-80%,#f60),color-stop(80%,#fd0)) !important;background:-o-linear-gradient(left,#f60 -40%,rgba(255,102,0,0) 20%),-o-linear-gradient(right,#f60 -40%,rgba(255,102,0,0) 20%),-o-linear-gradient(bottom,#f60 -80%,#fd0 80%) !important;background:linear-gradient(90deg,#f60 -40%,rgba(255,102,0,0) 20%),linear-gradient(270deg,#f60 -40%,rgba(255,102,0,0) 20%),linear-gradient(0deg,#f60 -80%,#fd0 80%) !important;-webkit-box-flex:3 !important;-ms-flex:3 1 !important;flex:3 1 !important}.ie3f28a88 .k24d7cd0e{display:inline-block !important;margin-left:8px !important}.ie3f28a88 .kf2576b27{position:absolute !important;left:-1000px !important;top:-1000px !important;width:1px !important;height:1px !important;display:block !important}.ie3f28a88 .w56345d29{cursor:pointer !important;position:absolute !important;right:4px !important;top:4px !important;z-index:10 !important}.ie3f28a88 .uf6f4f67c.w56345d29{display:-webkit-box !important;display:-ms-flexbox !important;display:flex !important;-webkit-box-align:center !important;-ms-flex-align:center !important;align-items:center !important;-webkit-box-pack:center !important;-ms-flex-pack:center !important;justify-content:center !important;pointer-events:auto !important;border-radius:50% !important;-webkit-user-select:none !important;-moz-user-select:none !important;-ms-user-select:none !important;user-select:none !important;-webkit-tap-highlight-color:transparent !important}.ie3f28a88 .uf6f4f67c.w56345d29:before{content:"" !important;position:absolute !important;top:-4px !important;left:50% !important;-webkit-transform:translateX(-50%) !important;transform:translateX(-50%) !important}.ie3f28a88 .uf6f4f67c.w56345d29:hover .r280c7819{opacity:.8 !important}.ie3f28a88 .uf6f4f67c.w56345d29.r8e22e7d2 .r280c7819{background-color:#fff !important;opacity:.8 !important}.ie3f28a88 .uf6f4f67c.w56345d29.r8e22e7d2 .rcc8bb157 svg{fill:#575c66 !important}.ie3f28a88 .uf6f4f67c.w56345d29.h9b77634a .r280c7819,.ie3f28a88 .uf6f4f67c.w56345d29.ic8e0b828 .r280c7819{background:none !important}.ie3f28a88 .uf6f4f67c.w56345d29.h9b77634a:hover{background-color:#e9e9e9 !important}.ie3f28a88 .uf6f4f67c.w56345d29.h9b77634a .rcc8bb157 svg{fill:#242526 !important}.ie3f28a88 .uf6f4f67c.w56345d29.h9b77634a .n520366b{color:#242526 !important}.ie3f28a88 .uf6f4f67c.w56345d29.ic8e0b828:hover{background-color:rgba(248,250,255,.2) !important}.ie3f28a88 .uf6f4f67c.w56345d29.ic8e0b828 .rcc8bb157 svg{fill:#fff !important}.ie3f28a88 .uf6f4f67c.w56345d29.ic8e0b828 .n520366b{color:#fff !important}.ie3f28a88 .uf6f4f67c.id542e1c7{width:12px !important;height:12px !important}.ie3f28a88 .uf6f4f67c.id542e1c7:before{width:28px !important;height:28px !important}.ie3f28a88 .uf6f4f67c.id542e1c7 .rcc8bb157{-webkit-transform:scale(.6) !important;transform:scale(.6) !important}.ie3f28a88 .uf6f4f67c.qd3eeaa7f{width:16px !important;height:16px !important}.ie3f28a88 .uf6f4f67c.qd3eeaa7f:before{width:32px !important;height:32px !important}.ie3f28a88 .uf6f4f67c.qd3eeaa7f .rcc8bb157{-webkit-transform:scale(.8) !important;transform:scale(.8) !important}.ie3f28a88 .uf6f4f67c.v8a568b21{width:24px !important;height:24px !important}.ie3f28a88 .uf6f4f67c.v8a568b21:before{width:42px !important;height:42px !important}.ie3f28a88 .uf6f4f67c.e6b22fd00{width:28px !important;height:28px !important}.ie3f28a88 .uf6f4f67c.e6b22fd00:before{width:42px !important;height:42px !important}.ie3f28a88 .uf6f4f67c.j5c1bd958{width:32px !important;height:32px !important}.ie3f28a88 .uf6f4f67c.j5c1bd958:before{width:48px !important;height:48px !important}.ie3f28a88 .r280c7819{height:100% !important;width:100% !important;position:absolute !important;top:0 !important;left:0 !important;z-index:-1 !important;border-radius:inherit !important;-webkit-transition:opacity .15s !important;-o-transition:opacity .15s !important;transition:opacity .15s !important;-webkit-transition:background-color .5s ease-in-out !important;-o-transition:background-color .5s ease-in-out !important;transition:background-color .5s ease-in-out !important}.ie3f28a88 .r280c7819.b292efad6{background:rgba(26,43,77,.4) !important;color:#fff !important}.ie3f28a88 .r280c7819.b292efad6:hover{opacity:.5 !important}.ie3f28a88 .r280c7819.f45a9be34{background:hsla(0,0%,100%,.8) !important;color:#3a3c40 !important}.ie3f28a88 .r280c7819.f45a9be34:hover{opacity:.9 !important}.ie3f28a88 .r280c7819.j76402753{background:none !important}.ie3f28a88 .uf6f4f67c .rcc8bb157{display:-webkit-box !important;display:-ms-flexbox !important;display:flex !important;-webkit-box-align:center !important;-ms-flex-align:center !important;align-items:center !important;-webkit-box-pack:center !important;-ms-flex-pack:center !important;justify-content:center !important;pointer-events:none !important}.ie3f28a88 .uf6f4f67c .rcc8bb157.b292efad6 svg{fill:#fff !important}.ie3f28a88 .uf6f4f67c .rcc8bb157.b292efad6 svg,.ie3f28a88 .uf6f4f67c .rcc8bb157.f45a9be34 svg{-webkit-transition:fill .5s ease-in-out !important;-o-transition:fill .5s ease-in-out !important;transition:fill .5s ease-in-out !important}.ie3f28a88 .uf6f4f67c .rcc8bb157.f45a9be34 svg{fill:#242526 !important}.ie3f28a88 .n520366b{display:-webkit-box !important;display:-ms-flexbox !important;display:flex !important;-webkit-box-align:center !important;-ms-flex-align:center !important;align-items:center !important;-webkit-box-pack:center !important;-ms-flex-pack:center !important;justify-content:center !important;pointer-events:none !important}.ie3f28a88 .n520366b.b292efad6{color:#fff !important}.ie3f28a88 .n520366b.f45a9be34{color:#242526 !important}@-webkit-keyframes f6cf41f39{0%,to{opacity:0 !important;visibility:hidden !important}4%,96%{visibility:visible !important;opacity:1 !important}}@keyframes f6cf41f39{0%,to{opacity:0 !important;visibility:hidden !important}4%,96%{visibility:visible !important;opacity:1 !important}}@media (hover:hover) and (pointer:fine){.ie3f28a88 .se98c27d8:hover .m6ff44f03{opacity:0 !important;visibility:hidden !important}.ie3f28a88 .se98c27d8:hover .f52914a36{visibility:visible !important;opacity:1 !important}.ie3f28a88 .se98c27d8[data-active]:hover .f52914a36{opacity:0 !important;visibility:hidden !important}.ie3f28a88 .se98c27d8[data-active]:hover .m6ff44f03{visibility:visible !important;opacity:1 !important}}.ie3f28a88 .se98c27d8.i9af3c68{right:45px !important}.ie3f28a88 .se98c27d8.i9af3c68 .p66bbe2c3.m6ff44f03{-webkit-transform:translateX(41px) !important;transform:translateX(41px) !important}.ie3f28a88 .se98c27d8.i9af3c68 .p66bbe2c3.m6ff44f03 .ha944f37a{-webkit-transform:translateX(-43px) !important;transform:translateX(-43px) !important}.ie3f28a88 .se98c27d8{right:36px !important;width:32px !important}.ie3f28a88 .se98c27d8[data-active] svg{color:#ee4f4f !important;fill:#ee4f4f !important}.ie3f28a88 .se98c27d8[data-active] .m6ff44f03{-webkit-animation:f6cf41f39 8s linear !important;animation:f6cf41f39 8s linear !important}.ie3f28a88 .se98c27d8 .p66bbe2c3{position:absolute !important;color:#fff !important;opacity:0 !important;visibility:hidden !important;white-space:nowrap !important;top:29px !important;right:50% !important;-webkit-transform:translateX(50%) !important;transform:translateX(50%) !important;background:#343334 !important;border-radius:6px !important;padding:0 8px !important;height:24px !important;line-height:24px !important;font-size:11px !important;-webkit-transition:all .2s !important;-o-transition:all .2s !important;transition:all .2s !important}.ie3f28a88 .se98c27d8 .p66bbe2c3.m6ff44f03{-webkit-transform:translateX(32px) !important;transform:translateX(32px) !important;right:0 !important}.ie3f28a88 .se98c27d8 .p66bbe2c3.m6ff44f03 .ha944f37a{right:0 !important;-webkit-transform:translateX(-34px) !important;transform:translateX(-34px) !important}.ie3f28a88 .se98c27d8 .p66bbe2c3 .acea5627e{font-size:11px !important}.ie3f28a88 .se98c27d8 .p66bbe2c3 .ha944f37a{width:28px !important;height:8px !important;position:absolute !important;top:-6px !important;right:50% !important;-webkit-transform:translateX(50%) !important;transform:translateX(50%) !important;display:-webkit-box !important;display:-ms-flexbox !important;display:flex !important;-webkit-box-align:center !important;-ms-flex-align:center !important;align-items:center !important;-webkit-box-pack:center !important;-ms-flex-pack:center !important;justify-content:center !important}.ie3f28a88 .se98c27d8 .p66bbe2c3 .p2bfb0763{color:#ffd400 !important;text-decoration:none !important;text-transform:lowercase !important}.ie3f28a88 .sb7df4850{margin-left:2px !important;pointer-events:auto !important;font-family:inherit !important;position:relative !important;-ms-flex-item-align:center !important;align-self:center !important}.ie3f28a88 .wf74a9075{display:-webkit-box !important;display:-ms-flexbox !important;display:flex !important;-webkit-box-align:center !important;-ms-flex-align:center !important;align-items:center !important;cursor:pointer !important;position:absolute !important;left:4px !important;top:4px !important;z-index:10 !important;font-family:Helvetica,Arial,sans-serif !important;white-space:nowrap !important;height:12px !important;line-height:normal !important;-webkit-box-sizing:border-box !important;box-sizing:border-box !important;padding:0 4px !important;color:hsla(0,0%,100%,.8) !important;border-radius:16px !important;font-size:8px !important;text-transform:uppercase !important;letter-spacing:.125em !important;pointer-events:none !important;-webkit-transition:color .5s ease-in-out !important;-o-transition:color .5s ease-in-out !important;transition:color .5s ease-in-out !important}.ie3f28a88 .wf74a9075,.ie3f28a88 .wf74a9075>a{text-decoration:none !important}.ie3f28a88 .wf74a9075>a{color:inherit !important}.ie3f28a88 .wf74a9075.r8e22e7d2{color:#575c66 !important;background-color:#fff !important;opacity:.8 !important}.ie3f28a88 .wf74a9075.h9b77634a,.ie3f28a88 .wf74a9075.f45a9be34{color:#3a3c40 !important}.ie3f28a88 .wf74a9075.f45a9be34{background:hsla(0,0%,100%,.8) !important}.ie3f28a88 .wf74a9075.b292efad6,.ie3f28a88 .wf74a9075.ic8e0b828{color:#fff !important}.ie3f28a88 .wf74a9075.b292efad6{background:rgba(26,43,77,.4) !important}.ie3f28a88 .wf74a9075.b4e81ad15,.ie3f28a88 .wf74a9075.a84627c29{top:auto !important;left:auto !important;right:0 !important;bottom:0 !important;background:none !important;text-shadow:none !important;font-size:7px !important;padding:0 !important;height:auto !important;opacity:.8 !important;-webkit-backdrop-filter:none !important;backdrop-filter:none !important}.ie3f28a88 .wf74a9075.j76402753{background:none !important}.ie3f28a88 .wf74a9075.b8f3aa05{max-width:calc(100% - 42px) !important}.ie3f28a88 .kb599b41a{margin:0 2px !important}.ie3f28a88 .c37b30756{text-decoration:none !important;pointer-events:auto !important;color:inherit !important}.ie3f28a88 .c55327b1d{position:absolute !important;right:-2px !important;top:0 !important;z-index:9 !important;pointer-events:auto !important}.ie3f28a88 .m7b3060f0{background:red !important}</style><yatag class="kf2576b27"></yatag><yatag class="e21519817 m5f0e643f i1ff27fa3"><yatag class="e74783a50" style="width: 728px !important; height: 90px !important;"><yatag id="ya_partner_R-I-338751-1-5" class="l9381b27" style="width: 728px !important; height: 90px !important;"><iframe frameborder="no" scrolling="no" allowtransparency="true" hidefocus="true" tabindex="-1" marginwidth="0" marginheight="0" src="https://yastatic.net/safeframe-bundles/0.83/1-1-0/protected/render.html" sandbox="allow-same-origin allow-popups allow-popups-to-escape-sandbox allow-scripts allow-forms" id="id271" style="opacity: 1;"></iframe></yatag><yatag class="wf74a9075 r8e22e7d2" data-test="AdKebabAndLabel--adLabelContent" data-label="true">Реклама</yatag><yatag class="ecafee6f8 p52434bbf r741777e"><yatag data-close="true" data-new-adtune="true" data-sticky-adtune="false" class="uf6f4f67c w56345d29 r8e22e7d2 v8a568b21"><yatag class="r280c7819 j76402753"></yatag><yatag class="rcc8bb157"><svg width="8" height="20" viewBox="0 0 8 20" fill="white" xmlns="http://www.w3.org/2000/svg"><circle cx="4" cy="4" r="1.5"></circle><circle cx="4" cy="10" r="1.5"></circle><circle cx="4" cy="16" r="1.5"></circle></svg></yatag></yatag></yatag></yatag></yatag></yatag></div></div></div><div class="p-retailer__sub-column"><!----> <div class="p-retailer__rtb"><div id="sidebar_middle_place" class="p-retailer__rtb-block p-retailer__rtb-block_type_sidebar_middle"><div id="rtb-R-I-338751-5-1-dc4f30eb2e03d" class="rtb-output-4bd4242d9157f"><yatag class="h36bd0a9a v60329a88"><style type="text/css">.v60329a88{opacity: !important;white-space:normal !important;visibility:visible !important}.v60329a88,.v60329a88 yatag{display:block !important;font-family:inherit !important}.v60329a88,.v60329a88,.v60329a88 a,.v60329a88 b,.v60329a88 em,.v60329a88 iframe,.v60329a88 img,.v60329a88 table,.v60329a88 tbody,.v60329a88 td,.v60329a88 tr,.v60329a88 yatag{-webkit-box-sizing:content-box !important;box-sizing:content-box !important;color:inherit !important;font-size:inherit !important;font-weight:inherit !important;-webkit-hyphens:manual !important;-ms-hyphens:manual !important;hyphens:manual !important;-webkit-transition:none !important;-o-transition:none !important;transition:none !important}.v60329a88,.v60329a88 a,.v60329a88 b,.v60329a88 em,.v60329a88 iframe,.v60329a88 img,.v60329a88 table,.v60329a88 tbody,.v60329a88 td,.v60329a88 tr{background:none !important;border:none !important;border-radius:0 !important;border-spacing:0 !important;border-collapse:collapse !important;clear:none !important;float:none !important;font-variant:normal !important;letter-spacing:normal !important;line-height:normal !important;margin:0 !important;max-height:none !important;max-width:none !important;min-height:0 !important;min-width:0 !important;outline:none !important;padding:0 !important;position:static !important;text-align:left !important;text-decoration:none !important;text-indent:0 !important;text-transform:none !important;vertical-align:baseline !important;visibility:inherit !important;word-spacing:normal !important}.v60329a88,.v60329a88 a,.v60329a88 b,.v60329a88 em,.v60329a88 img,.v60329a88 table,.v60329a88 tbody,.v60329a88 td,.v60329a88 tr{height:auto !important}.v60329a88 table{display:table !important;empty-cells:hide !important;table-layout:fixed !important}.v60329a88 table,.v60329a88 td{font-size:100% !important}.v60329a88 td{display:table-cell !important;vertical-align:middle !important}.v60329a88{width:auto !important;height:auto !important;overflow:visible !important}.v60329a88 .e21519817{position:relative !important;margin:auto !important;display:-webkit-box !important;display:-ms-flexbox !important;display:flex !important;-webkit-box-pack:center !important;-ms-flex-pack:center !important;justify-content:center !important;-webkit-box-align:center !important;-ms-flex-align:center !important;align-items:center !important;overflow:hidden !important}.v60329a88 .o942ed237{padding:10px 16px 86px !important}.v60329a88 .q29ee3838,.v60329a88 .w867c239a{position:absolute !important;z-index:1 !important;top:0 !important;left:0 !important;right:0 !important;bottom:0 !important;width:100% !important;height:100% !important;display:none !important}.v60329a88 .b7f1d569f{width:100% !important;height:100% !important;position:absolute !important;pointer-events:none !important}.v60329a88 .e74783a50{position:relative !important;z-index:2 !important}.v60329a88 .l9381b27{position:relative !important;top:0 !important;left:0 !important;width:100% !important;height:100% !important;-webkit-transform-origin:0 0 !important;transform-origin:0 0 !important}.v60329a88 .l9381b27 iframe{position:absolute !important;top:0 !important;left:0 !important;width:100% !important;height:100% !important}.v60329a88 .ecafee6f8{position:absolute !important;width:100% !important;right:0 !important;top:0 !important;z-index:20 !important}.v60329a88 .vae5eeae0{position:absolute !important;z-index:21 !important;top:0 !important;left:0 !important;width:100% !important;height:100% !important}.v60329a88 .b3adc0a12{position:absolute !important;top:0 !important;left:0 !important;z-index:10 !important;height:16px !important;padding:0 4px !important;font-size:11px !important;line-height:16px !important;color:#000 !important;text-decoration:none !important;background:#fff !important;border:1px solid #e5e5e5 !important;border-bottom-right-radius:3px !important;cursor:pointer !important}.v60329a88 .he0a3a1d6{border:1px solid #303050 !important}.v60329a88 .p4be3832{max-width:100% !important;max-height:100% !important}.v60329a88 .p4be3832 .q29ee3838,.v60329a88 .p4be3832 .w867c239a{display:block !important}.v60329a88 .p4be3832 .w867c239a{-webkit-filter:blur(10px) saturate(0) contrast(400%) !important;filter:blur(10px) saturate(0) contrast(400%) !important}.v60329a88 .p4be3832 .q29ee3838{background-color:rgba(38,38,38,.9) !important}.v60329a88 .j522bab94{-webkit-box-pack:start !important;-ms-flex-pack:start !important;justify-content:flex-start !important}.v60329a88 .j66789620,.v60329a88 .s6c332f48{visibility:hidden !important;opacity:0 !important}.v60329a88 .s6c332f48{max-width:1px !important;max-height:1px !important}.v60329a88 .id641612{position:absolute !important;bottom:20px !important;left:16px !important;right:16px !important;z-index:3 !important;display:-webkit-box !important;display:-ms-flexbox !important;display:flex !important}@media (orientation:landscape){.v60329a88 .id641612{margin:0 auto !important;width:260px !important}}.v60329a88 .n2f69a781{height:48px !important;line-height:48px !important;font-size:16px !important;border-radius:8px !important;text-align:center !important;font-weight:700 !important;-ms-flex-item-align:stretch !important;align-self:stretch !important;padding:0 20px !important;white-space:nowrap !important;min-width:0 !important}.v60329a88 .uddb4423a{background:-webkit-gradient(linear,left top,left bottom,from(#efefef),to(#e5e5e5)) !important;background:-o-linear-gradient(top,#efefef 0,#e5e5e5 100%) !important;background:linear-gradient(180deg,#efefef,#e5e5e5) !important;margin-right:8px !important;-webkit-box-flex:2 !important;-ms-flex:2 1 !important;flex:2 1 !important}.v60329a88 .ofad6c5e4{background:-webkit-gradient(linear,left top,right top,color-stop(-40%,#f60),color-stop(20%,rgba(255,102,0,0))),-webkit-gradient(linear,right top,left top,color-stop(-40%,#f60),color-stop(20%,rgba(255,102,0,0))),-webkit-gradient(linear,left bottom,left top,color-stop(-80%,#f60),color-stop(80%,#fd0)) !important;background:-o-linear-gradient(left,#f60 -40%,rgba(255,102,0,0) 20%),-o-linear-gradient(right,#f60 -40%,rgba(255,102,0,0) 20%),-o-linear-gradient(bottom,#f60 -80%,#fd0 80%) !important;background:linear-gradient(90deg,#f60 -40%,rgba(255,102,0,0) 20%),linear-gradient(270deg,#f60 -40%,rgba(255,102,0,0) 20%),linear-gradient(0deg,#f60 -80%,#fd0 80%) !important;-webkit-box-flex:3 !important;-ms-flex:3 1 !important;flex:3 1 !important}.v60329a88 .k24d7cd0e{display:inline-block !important;margin-left:8px !important}.v60329a88 .kf2576b27{position:absolute !important;left:-1000px !important;top:-1000px !important;width:1px !important;height:1px !important;display:block !important}.v60329a88 .w56345d29{cursor:pointer !important;position:absolute !important;right:4px !important;top:4px !important;z-index:10 !important}.v60329a88 .uf6f4f67c.w56345d29{display:-webkit-box !important;display:-ms-flexbox !important;display:flex !important;-webkit-box-align:center !important;-ms-flex-align:center !important;align-items:center !important;-webkit-box-pack:center !important;-ms-flex-pack:center !important;justify-content:center !important;pointer-events:auto !important;border-radius:50% !important;-webkit-user-select:none !important;-moz-user-select:none !important;-ms-user-select:none !important;user-select:none !important;-webkit-tap-highlight-color:transparent !important}.v60329a88 .uf6f4f67c.w56345d29:before{content:"" !important;position:absolute !important;top:-4px !important;left:50% !important;-webkit-transform:translateX(-50%) !important;transform:translateX(-50%) !important}.v60329a88 .uf6f4f67c.w56345d29:hover .r280c7819{opacity:.8 !important}.v60329a88 .uf6f4f67c.w56345d29.r8e22e7d2 .r280c7819{background-color:#fff !important;opacity:.8 !important}.v60329a88 .uf6f4f67c.w56345d29.r8e22e7d2 .rcc8bb157 svg{fill:#575c66 !important}.v60329a88 .uf6f4f67c.w56345d29.h9b77634a .r280c7819,.v60329a88 .uf6f4f67c.w56345d29.ic8e0b828 .r280c7819{background:none !important}.v60329a88 .uf6f4f67c.w56345d29.h9b77634a:hover{background-color:#e9e9e9 !important}.v60329a88 .uf6f4f67c.w56345d29.h9b77634a .rcc8bb157 svg{fill:#242526 !important}.v60329a88 .uf6f4f67c.w56345d29.h9b77634a .n520366b{color:#242526 !important}.v60329a88 .uf6f4f67c.w56345d29.ic8e0b828:hover{background-color:rgba(248,250,255,.2) !important}.v60329a88 .uf6f4f67c.w56345d29.ic8e0b828 .rcc8bb157 svg{fill:#fff !important}.v60329a88 .uf6f4f67c.w56345d29.ic8e0b828 .n520366b{color:#fff !important}.v60329a88 .uf6f4f67c.id542e1c7{width:12px !important;height:12px !important}.v60329a88 .uf6f4f67c.id542e1c7:before{width:28px !important;height:28px !important}.v60329a88 .uf6f4f67c.id542e1c7 .rcc8bb157{-webkit-transform:scale(.6) !important;transform:scale(.6) !important}.v60329a88 .uf6f4f67c.qd3eeaa7f{width:16px !important;height:16px !important}.v60329a88 .uf6f4f67c.qd3eeaa7f:before{width:32px !important;height:32px !important}.v60329a88 .uf6f4f67c.qd3eeaa7f .rcc8bb157{-webkit-transform:scale(.8) !important;transform:scale(.8) !important}.v60329a88 .uf6f4f67c.v8a568b21{width:24px !important;height:24px !important}.v60329a88 .uf6f4f67c.v8a568b21:before{width:42px !important;height:42px !important}.v60329a88 .uf6f4f67c.e6b22fd00{width:28px !important;height:28px !important}.v60329a88 .uf6f4f67c.e6b22fd00:before{width:42px !important;height:42px !important}.v60329a88 .uf6f4f67c.j5c1bd958{width:32px !important;height:32px !important}.v60329a88 .uf6f4f67c.j5c1bd958:before{width:48px !important;height:48px !important}.v60329a88 .r280c7819{height:100% !important;width:100% !important;position:absolute !important;top:0 !important;left:0 !important;z-index:-1 !important;border-radius:inherit !important;-webkit-transition:opacity .15s !important;-o-transition:opacity .15s !important;transition:opacity .15s !important;-webkit-transition:background-color .5s ease-in-out !important;-o-transition:background-color .5s ease-in-out !important;transition:background-color .5s ease-in-out !important}.v60329a88 .r280c7819.b292efad6{background:rgba(26,43,77,.4) !important;color:#fff !important}.v60329a88 .r280c7819.b292efad6:hover{opacity:.5 !important}.v60329a88 .r280c7819.f45a9be34{background:hsla(0,0%,100%,.8) !important;color:#3a3c40 !important}.v60329a88 .r280c7819.f45a9be34:hover{opacity:.9 !important}.v60329a88 .r280c7819.j76402753{background:none !important}.v60329a88 .uf6f4f67c .rcc8bb157{display:-webkit-box !important;display:-ms-flexbox !important;display:flex !important;-webkit-box-align:center !important;-ms-flex-align:center !important;align-items:center !important;-webkit-box-pack:center !important;-ms-flex-pack:center !important;justify-content:center !important;pointer-events:none !important}.v60329a88 .uf6f4f67c .rcc8bb157.b292efad6 svg{fill:#fff !important}.v60329a88 .uf6f4f67c .rcc8bb157.b292efad6 svg,.v60329a88 .uf6f4f67c .rcc8bb157.f45a9be34 svg{-webkit-transition:fill .5s ease-in-out !important;-o-transition:fill .5s ease-in-out !important;transition:fill .5s ease-in-out !important}.v60329a88 .uf6f4f67c .rcc8bb157.f45a9be34 svg{fill:#242526 !important}.v60329a88 .n520366b{display:-webkit-box !important;display:-ms-flexbox !important;display:flex !important;-webkit-box-align:center !important;-ms-flex-align:center !important;align-items:center !important;-webkit-box-pack:center !important;-ms-flex-pack:center !important;justify-content:center !important;pointer-events:none !important}.v60329a88 .n520366b.b292efad6{color:#fff !important}.v60329a88 .n520366b.f45a9be34{color:#242526 !important}@-webkit-keyframes f6cf41f39{0%,to{opacity:0 !important;visibility:hidden !important}4%,96%{visibility:visible !important;opacity:1 !important}}@keyframes f6cf41f39{0%,to{opacity:0 !important;visibility:hidden !important}4%,96%{visibility:visible !important;opacity:1 !important}}@media (hover:hover) and (pointer:fine){.v60329a88 .se98c27d8:hover .m6ff44f03{opacity:0 !important;visibility:hidden !important}.v60329a88 .se98c27d8:hover .f52914a36{visibility:visible !important;opacity:1 !important}.v60329a88 .se98c27d8[data-active]:hover .f52914a36{opacity:0 !important;visibility:hidden !important}.v60329a88 .se98c27d8[data-active]:hover .m6ff44f03{visibility:visible !important;opacity:1 !important}}.v60329a88 .se98c27d8.i9af3c68{right:45px !important}.v60329a88 .se98c27d8.i9af3c68 .p66bbe2c3.m6ff44f03{-webkit-transform:translateX(41px) !important;transform:translateX(41px) !important}.v60329a88 .se98c27d8.i9af3c68 .p66bbe2c3.m6ff44f03 .ha944f37a{-webkit-transform:translateX(-43px) !important;transform:translateX(-43px) !important}.v60329a88 .se98c27d8{right:36px !important;width:32px !important}.v60329a88 .se98c27d8[data-active] svg{color:#ee4f4f !important;fill:#ee4f4f !important}.v60329a88 .se98c27d8[data-active] .m6ff44f03{-webkit-animation:f6cf41f39 8s linear !important;animation:f6cf41f39 8s linear !important}.v60329a88 .se98c27d8 .p66bbe2c3{position:absolute !important;color:#fff !important;opacity:0 !important;visibility:hidden !important;white-space:nowrap !important;top:29px !important;right:50% !important;-webkit-transform:translateX(50%) !important;transform:translateX(50%) !important;background:#343334 !important;border-radius:6px !important;padding:0 8px !important;height:24px !important;line-height:24px !important;font-size:11px !important;-webkit-transition:all .2s !important;-o-transition:all .2s !important;transition:all .2s !important}.v60329a88 .se98c27d8 .p66bbe2c3.m6ff44f03{-webkit-transform:translateX(32px) !important;transform:translateX(32px) !important;right:0 !important}.v60329a88 .se98c27d8 .p66bbe2c3.m6ff44f03 .ha944f37a{right:0 !important;-webkit-transform:translateX(-34px) !important;transform:translateX(-34px) !important}.v60329a88 .se98c27d8 .p66bbe2c3 .acea5627e{font-size:11px !important}.v60329a88 .se98c27d8 .p66bbe2c3 .ha944f37a{width:28px !important;height:8px !important;position:absolute !important;top:-6px !important;right:50% !important;-webkit-transform:translateX(50%) !important;transform:translateX(50%) !important;display:-webkit-box !important;display:-ms-flexbox !important;display:flex !important;-webkit-box-align:center !important;-ms-flex-align:center !important;align-items:center !important;-webkit-box-pack:center !important;-ms-flex-pack:center !important;justify-content:center !important}.v60329a88 .se98c27d8 .p66bbe2c3 .p2bfb0763{color:#ffd400 !important;text-decoration:none !important;text-transform:lowercase !important}.v60329a88 .sb7df4850{margin-left:2px !important;pointer-events:auto !important;font-family:inherit !important;position:relative !important;-ms-flex-item-align:center !important;align-self:center !important}.v60329a88 .wf74a9075{display:-webkit-box !important;display:-ms-flexbox !important;display:flex !important;-webkit-box-align:center !important;-ms-flex-align:center !important;align-items:center !important;cursor:pointer !important;position:absolute !important;left:4px !important;top:4px !important;z-index:10 !important;font-family:Helvetica,Arial,sans-serif !important;white-space:nowrap !important;height:12px !important;line-height:normal !important;-webkit-box-sizing:border-box !important;box-sizing:border-box !important;padding:0 4px !important;color:hsla(0,0%,100%,.8) !important;border-radius:16px !important;font-size:8px !important;text-transform:uppercase !important;letter-spacing:.125em !important;pointer-events:none !important;-webkit-transition:color .5s ease-in-out !important;-o-transition:color .5s ease-in-out !important;transition:color .5s ease-in-out !important}.v60329a88 .wf74a9075,.v60329a88 .wf74a9075>a{text-decoration:none !important}.v60329a88 .wf74a9075>a{color:inherit !important}.v60329a88 .wf74a9075.r8e22e7d2{color:#575c66 !important;background-color:#fff !important;opacity:.8 !important}.v60329a88 .wf74a9075.h9b77634a,.v60329a88 .wf74a9075.f45a9be34{color:#3a3c40 !important}.v60329a88 .wf74a9075.f45a9be34{background:hsla(0,0%,100%,.8) !important}.v60329a88 .wf74a9075.b292efad6,.v60329a88 .wf74a9075.ic8e0b828{color:#fff !important}.v60329a88 .wf74a9075.b292efad6{background:rgba(26,43,77,.4) !important}.v60329a88 .wf74a9075.b4e81ad15,.v60329a88 .wf74a9075.a84627c29{top:auto !important;left:auto !important;right:0 !important;bottom:0 !important;background:none !important;text-shadow:none !important;font-size:7px !important;padding:0 !important;height:auto !important;opacity:.8 !important;-webkit-backdrop-filter:none !important;backdrop-filter:none !important}.v60329a88 .wf74a9075.j76402753{background:none !important}.v60329a88 .wf74a9075.b8f3aa05{max-width:calc(100% - 42px) !important}.v60329a88 .kb599b41a{margin:0 2px !important}.v60329a88 .c37b30756{text-decoration:none !important;pointer-events:auto !important;color:inherit !important}.v60329a88 .c55327b1d{position:absolute !important;right:-2px !important;top:0 !important;z-index:9 !important;pointer-events:auto !important}.v60329a88 .m7b3060f0{background:red !important}</style><yatag class="kf2576b27"></yatag><yatag class="e21519817 j522bab94 i1ff27fa3"><yatag class="e74783a50" style="width: 300px !important; height: 250px !important;"><yatag id="ya_partner_R-I-338751-5-1" class="l9381b27" style="width: 300px !important; height: 250px !important;"><div></div></yatag><yatag class="wf74a9075 r8e22e7d2" data-test="AdKebabAndLabel--adLabelContent" data-label="true">Реклама</yatag><yatag class="ecafee6f8 sd2dcca7e r741777e"><yatag data-close="true" data-new-adtune="true" data-sticky-adtune="false" class="uf6f4f67c w56345d29 r8e22e7d2 v8a568b21"><yatag class="r280c7819 j76402753"></yatag><yatag class="rcc8bb157"><svg width="8" height="20" viewBox="0 0 8 20" fill="white" xmlns="http://www.w3.org/2000/svg"><circle cx="4" cy="4" r="1.5"></circle><circle cx="4" cy="10" r="1.5"></circle><circle cx="4" cy="16" r="1.5"></circle></svg></yatag></yatag></yatag></yatag></yatag></yatag></div></div></div><div class="b-checkbox-list b-checkbox-list_disabled_false b-checkbox-list_opened_true b-checkbox-list_overflow_true"><div class="b-checkbox-list__root"><div class="b-checkbox-list__header">Бренды</div> <div class="b-checkbox-list__body"><div class="b-checkbox-list__quick-search-wrapper"><input maxlength="50" placeholder="Начните вводить название" class="b-checkbox-list__quick-search"></div> <div class="b-checkbox-list__options"><div title="6 соток" class="b-checkbox-list__option b-checkbox-list__option_checked_false b-checkbox-list__option_disabled_false">6 соток</div><div title="Absolut" class="b-checkbox-list__option b-checkbox-list__option_checked_false b-checkbox-list__option_disabled_false">Absolut</div><div title="Actimel" class="b-checkbox-list__option b-checkbox-list__option_checked_false b-checkbox-list__option_disabled_false">Actimel</div><div title="Ahmad Tea" class="b-checkbox-list__option b-checkbox-list__option_checked_false b-checkbox-list__option_disabled_false">Ahmad Tea</div><div title="Akbar" class="b-checkbox-list__option b-checkbox-list__option_checked_false b-checkbox-list__option_disabled_false">Akbar</div><div title="Aloe Fresh" class="b-checkbox-list__option b-checkbox-list__option_checked_false b-checkbox-list__option_disabled_false">Aloe Fresh</div><div title="Alpen Gold" class="b-checkbox-list__option b-checkbox-list__option_checked_false b-checkbox-list__option_disabled_false">Alpen Gold</div><div title="Ambassador" class="b-checkbox-list__option b-checkbox-list__option_checked_false b-checkbox-list__option_disabled_false">Ambassador</div><div title="Anarchy" class="b-checkbox-list__option b-checkbox-list__option_checked_false b-checkbox-list__option_disabled_false">Anarchy</div><div title="AOS" class="b-checkbox-list__option b-checkbox-list__option_checked_false b-checkbox-list__option_disabled_false">AOS</div><div title="Arla Natura" class="b-checkbox-list__option b-checkbox-list__option_checked_false b-checkbox-list__option_disabled_false">Arla Natura</div><div title="Astoria" class="b-checkbox-list__option b-checkbox-list__option_checked_false b-checkbox-list__option_disabled_false">Astoria</div><div title="Aura" class="b-checkbox-list__option b-checkbox-list__option_checked_false b-checkbox-list__option_disabled_false">Aura</div><div title="Axe" class="b-checkbox-list__option b-checkbox-list__option_checked_false b-checkbox-list__option_disabled_false">Axe</div><div title="Bakery story" class="b-checkbox-list__option b-checkbox-list__option_checked_false b-checkbox-list__option_disabled_false">Bakery story</div><div title="Barrister" class="b-checkbox-list__option b-checkbox-list__option_checked_false b-checkbox-list__option_disabled_false">Barrister</div><div title="Beta Tea" class="b-checkbox-list__option b-checkbox-list__option_checked_false b-checkbox-list__option_disabled_false">Beta Tea</div><div title="Binggrae" class="b-checkbox-list__option b-checkbox-list__option_checked_false b-checkbox-list__option_disabled_false">Binggrae</div><div title="Bionica" class="b-checkbox-list__option b-checkbox-list__option_checked_false b-checkbox-list__option_disabled_false">Bionica</div><div title="Bon Giorno" class="b-checkbox-list__option b-checkbox-list__option_checked_false b-checkbox-list__option_disabled_false">Bon Giorno</div><div title="Bonduelle" class="b-checkbox-list__option b-checkbox-list__option_checked_false b-checkbox-list__option_disabled_false">Bonduelle</div><div title="Borjomi" class="b-checkbox-list__option b-checkbox-list__option_checked_false b-checkbox-list__option_disabled_false">Borjomi</div><div title="Bosca" class="b-checkbox-list__option b-checkbox-list__option_checked_false b-checkbox-list__option_disabled_false">Bosca</div><div title="Bounty" class="b-checkbox-list__option b-checkbox-list__option_checked_false b-checkbox-list__option_disabled_false">Bounty</div><div title="Bref" class="b-checkbox-list__option b-checkbox-list__option_checked_false b-checkbox-list__option_disabled_false">Bref</div><div title="Bursamdzeli" class="b-checkbox-list__option b-checkbox-list__option_checked_false b-checkbox-list__option_disabled_false">Bursamdzeli</div><div title="Bushido" class="b-checkbox-list__option b-checkbox-list__option_checked_false b-checkbox-list__option_disabled_false">Bushido</div><div title="Calgon" class="b-checkbox-list__option b-checkbox-list__option_checked_false b-checkbox-list__option_disabled_false">Calgon</div><div title="Camay" class="b-checkbox-list__option b-checkbox-list__option_checked_false b-checkbox-list__option_disabled_false">Camay</div><div title="Casademont" class="b-checkbox-list__option b-checkbox-list__option_checked_false b-checkbox-list__option_disabled_false">Casademont</div><div title="Cho Ko-te" class="b-checkbox-list__option b-checkbox-list__option_checked_false b-checkbox-list__option_disabled_false">Cho Ko-te</div><div title="Chupa Chups" class="b-checkbox-list__option b-checkbox-list__option_checked_false b-checkbox-list__option_disabled_false">Chupa Chups</div><div title="Cillit" class="b-checkbox-list__option b-checkbox-list__option_checked_false b-checkbox-list__option_disabled_false">Cillit</div><div title="Cirio" class="b-checkbox-list__option b-checkbox-list__option_checked_false b-checkbox-list__option_disabled_false">Cirio</div><div title="Colgate" class="b-checkbox-list__option b-checkbox-list__option_checked_false b-checkbox-list__option_disabled_false">Colgate</div><div title="Comet" class="b-checkbox-list__option b-checkbox-list__option_checked_false b-checkbox-list__option_disabled_false">Comet</div><div title="Crazy Jack" class="b-checkbox-list__option b-checkbox-list__option_checked_false b-checkbox-list__option_disabled_false">Crazy Jack</div><div title="Creme Le Mare" class="b-checkbox-list__option b-checkbox-list__option_checked_false b-checkbox-list__option_disabled_false">Creme Le Mare</div><div title="Danone" class="b-checkbox-list__option b-checkbox-list__option_checked_false b-checkbox-list__option_disabled_false">Danone</div><div title="Delicatesse De Mare" class="b-checkbox-list__option b-checkbox-list__option_checked_false b-checkbox-list__option_disabled_false">Delicatesse De Mare</div><div title="DiaDar" class="b-checkbox-list__option b-checkbox-list__option_checked_false b-checkbox-list__option_disabled_false">DiaDar</div><div title="Dirol" class="b-checkbox-list__option b-checkbox-list__option_checked_false b-checkbox-list__option_disabled_false">Dirol</div><div title="Dolce granto" class="b-checkbox-list__option b-checkbox-list__option_checked_false b-checkbox-list__option_disabled_false">Dolce granto</div><div title="Domestos" class="b-checkbox-list__option b-checkbox-list__option_checked_false b-checkbox-list__option_disabled_false">Domestos</div><div title="Dos Mexicanos" class="b-checkbox-list__option b-checkbox-list__option_checked_false b-checkbox-list__option_disabled_false">Dos Mexicanos</div><div title="Dove" class="b-checkbox-list__option b-checkbox-list__option_checked_false b-checkbox-list__option_disabled_false">Dove</div><div title="Egoiste Cafe" class="b-checkbox-list__option b-checkbox-list__option_checked_false b-checkbox-list__option_disabled_false">Egoiste Cafe</div><div title="Elseve" class="b-checkbox-list__option b-checkbox-list__option_checked_false b-checkbox-list__option_disabled_false">Elseve</div><div title="Essen" class="b-checkbox-list__option b-checkbox-list__option_checked_false b-checkbox-list__option_disabled_false">Essen</div><div title="Fa" class="b-checkbox-list__option b-checkbox-list__option_checked_false b-checkbox-list__option_disabled_false">Fa</div><div title="Familia" class="b-checkbox-list__option b-checkbox-list__option_checked_false b-checkbox-list__option_disabled_false">Familia</div><div title="Fathers Old Barrel" class="b-checkbox-list__option b-checkbox-list__option_checked_false b-checkbox-list__option_disabled_false">Fathers Old Barrel</div><div title="Felix" class="b-checkbox-list__option b-checkbox-list__option_checked_false b-checkbox-list__option_disabled_false">Felix</div><div title="Finish" class="b-checkbox-list__option b-checkbox-list__option_checked_false b-checkbox-list__option_disabled_false">Finish</div><div title="Fish House" class="b-checkbox-list__option b-checkbox-list__option_checked_false b-checkbox-list__option_disabled_false">Fish House</div><div title="Fresco" class="b-checkbox-list__option b-checkbox-list__option_checked_false b-checkbox-list__option_disabled_false">Fresco</div><div title="Fruto" class="b-checkbox-list__option b-checkbox-list__option_checked_false b-checkbox-list__option_disabled_false">Fruto</div><div title="Galavani" class="b-checkbox-list__option b-checkbox-list__option_checked_false b-checkbox-list__option_disabled_false">Galavani</div><div title="Galbani" class="b-checkbox-list__option b-checkbox-list__option_checked_false b-checkbox-list__option_disabled_false">Galbani</div><div title="Garnier" class="b-checkbox-list__option b-checkbox-list__option_checked_false b-checkbox-list__option_disabled_false">Garnier</div><div title="Gillette" class="b-checkbox-list__option b-checkbox-list__option_checked_false b-checkbox-list__option_disabled_false">Gillette</div><div title="Global Village" class="b-checkbox-list__option b-checkbox-list__option_checked_false b-checkbox-list__option_disabled_false">Global Village</div><div title="Green Panda" class="b-checkbox-list__option b-checkbox-list__option_checked_false b-checkbox-list__option_disabled_false">Green Panda</div><div title="Greenfield" class="b-checkbox-list__option b-checkbox-list__option_checked_false b-checkbox-list__option_disabled_false">Greenfield</div><div title="Halls" class="b-checkbox-list__option b-checkbox-list__option_checked_false b-checkbox-list__option_disabled_false">Halls</div><div title="Heinz" class="b-checkbox-list__option b-checkbox-list__option_checked_false b-checkbox-list__option_disabled_false">Heinz</div><div title="Highgarden" class="b-checkbox-list__option b-checkbox-list__option_checked_false b-checkbox-list__option_disabled_false">Highgarden</div><div title="Hochland" class="b-checkbox-list__option b-checkbox-list__option_checked_false b-checkbox-list__option_disabled_false">Hochland</div><div title="Honey kid" class="b-checkbox-list__option b-checkbox-list__option_checked_false b-checkbox-list__option_disabled_false">Honey kid</div><div title="J7" class="b-checkbox-list__option b-checkbox-list__option_checked_false b-checkbox-list__option_disabled_false">J7</div><div title="Jacobs" class="b-checkbox-list__option b-checkbox-list__option_checked_false b-checkbox-list__option_disabled_false">Jacobs</div><div title="Jardin" class="b-checkbox-list__option b-checkbox-list__option_checked_false b-checkbox-list__option_disabled_false">Jardin</div><div title="King Fish" class="b-checkbox-list__option b-checkbox-list__option_checked_false b-checkbox-list__option_disabled_false">King Fish</div><div title="Kingfish" class="b-checkbox-list__option b-checkbox-list__option_checked_false b-checkbox-list__option_disabled_false">Kingfish</div><div title="Kotanyi" class="b-checkbox-list__option b-checkbox-list__option_checked_false b-checkbox-list__option_disabled_false">Kotanyi</div><div title="Label 5" class="b-checkbox-list__option b-checkbox-list__option_checked_false b-checkbox-list__option_disabled_false">Label 5</div><div title="Lebo" class="b-checkbox-list__option b-checkbox-list__option_checked_false b-checkbox-list__option_disabled_false">Lebo</div><div title="Lenco" class="b-checkbox-list__option b-checkbox-list__option_checked_false b-checkbox-list__option_disabled_false">Lenco</div><div title="Liebendorf" class="b-checkbox-list__option b-checkbox-list__option_checked_false b-checkbox-list__option_disabled_false">Liebendorf</div><div title="Lipton" class="b-checkbox-list__option b-checkbox-list__option_checked_false b-checkbox-list__option_disabled_false">Lipton</div><div title="Lorentini" class="b-checkbox-list__option b-checkbox-list__option_checked_false b-checkbox-list__option_disabled_false">Lorentini</div><div title="Lorenz" class="b-checkbox-list__option b-checkbox-list__option_checked_false b-checkbox-list__option_disabled_false">Lorenz</div><div title="Love is" class="b-checkbox-list__option b-checkbox-list__option_checked_false b-checkbox-list__option_disabled_false">Love is</div><div title="MacCoffee" class="b-checkbox-list__option b-checkbox-list__option_checked_false b-checkbox-list__option_disabled_false">MacCoffee</div><div title="Maggi" class="b-checkbox-list__option b-checkbox-list__option_checked_false b-checkbox-list__option_disabled_false">Maggi</div><div title="Magic Grain" class="b-checkbox-list__option b-checkbox-list__option_checked_false b-checkbox-list__option_disabled_false">Magic Grain</div><div title="Mamba" class="b-checkbox-list__option b-checkbox-list__option_checked_false b-checkbox-list__option_disabled_false">Mamba</div><div title="Marleson" class="b-checkbox-list__option b-checkbox-list__option_checked_false b-checkbox-list__option_disabled_false">Marleson</div><div title="Meller" class="b-checkbox-list__option b-checkbox-list__option_checked_false b-checkbox-list__option_disabled_false">Meller</div><div title="Milka" class="b-checkbox-list__option b-checkbox-list__option_checked_false b-checkbox-list__option_disabled_false">Milka</div><div title="Mipao" class="b-checkbox-list__option b-checkbox-list__option_checked_false b-checkbox-list__option_disabled_false">Mipao</div><div title="Mirel" class="b-checkbox-list__option b-checkbox-list__option_checked_false b-checkbox-list__option_disabled_false">Mirel</div><div title="Mivela Mg++" class="b-checkbox-list__option b-checkbox-list__option_checked_false b-checkbox-list__option_disabled_false">Mivela Mg++</div><div title="Mixbar" class="b-checkbox-list__option b-checkbox-list__option_checked_false b-checkbox-list__option_disabled_false">Mixbar</div><div title="Mollis" class="b-checkbox-list__option b-checkbox-list__option_checked_false b-checkbox-list__option_disabled_false">Mollis</div><div title="Mr. Ricco" class="b-checkbox-list__option b-checkbox-list__option_checked_false b-checkbox-list__option_disabled_false">Mr. Ricco</div><div title="My Komboocha" class="b-checkbox-list__option b-checkbox-list__option_checked_false b-checkbox-list__option_disabled_false">My Komboocha</div><div title="Nar" class="b-checkbox-list__option b-checkbox-list__option_checked_false b-checkbox-list__option_disabled_false">Nar</div><div title="Nemoloko" class="b-checkbox-list__option b-checkbox-list__option_checked_false b-checkbox-list__option_disabled_false">Nemoloko</div><div title="Nescafe" class="b-checkbox-list__option b-checkbox-list__option_checked_false b-checkbox-list__option_disabled_false">Nescafe</div><div title="Nuts" class="b-checkbox-list__option b-checkbox-list__option_checked_false b-checkbox-list__option_disabled_false">Nuts</div><div title="O'Brian" class="b-checkbox-list__option b-checkbox-list__option_checked_false b-checkbox-list__option_disabled_false">O'Brian</div><div title="Orion" class="b-checkbox-list__option b-checkbox-list__option_checked_false b-checkbox-list__option_disabled_false">Orion</div><div title="Palmolive" class="b-checkbox-list__option b-checkbox-list__option_checked_false b-checkbox-list__option_disabled_false">Palmolive</div><div title="Papia" class="b-checkbox-list__option b-checkbox-list__option_checked_false b-checkbox-list__option_disabled_false">Papia</div><div title="Patardzeuli" class="b-checkbox-list__option b-checkbox-list__option_checked_false b-checkbox-list__option_disabled_false">Patardzeuli</div><div title="Pedigree" class="b-checkbox-list__option b-checkbox-list__option_checked_false b-checkbox-list__option_disabled_false">Pedigree</div><div title="Perfect Fit" class="b-checkbox-list__option b-checkbox-list__option_checked_false b-checkbox-list__option_disabled_false">Perfect Fit</div><div title="Picnic" class="b-checkbox-list__option b-checkbox-list__option_checked_false b-checkbox-list__option_disabled_false">Picnic</div><div title="President" class="b-checkbox-list__option b-checkbox-list__option_checked_false b-checkbox-list__option_disabled_false">President</div><div title="Promesa" class="b-checkbox-list__option b-checkbox-list__option_checked_false b-checkbox-list__option_disabled_false">Promesa</div><div title="PULPY" class="b-checkbox-list__option b-checkbox-list__option_checked_false b-checkbox-list__option_disabled_false">PULPY</div><div title="Purina ONE" class="b-checkbox-list__option b-checkbox-list__option_checked_false b-checkbox-list__option_disabled_false">Purina ONE</div><div title="Red Bull" class="b-checkbox-list__option b-checkbox-list__option_checked_false b-checkbox-list__option_disabled_false">Red Bull</div><div title="Restoria" class="b-checkbox-list__option b-checkbox-list__option_checked_false b-checkbox-list__option_disabled_false">Restoria</div><div title="Rich" class="b-checkbox-list__option b-checkbox-list__option_checked_false b-checkbox-list__option_disabled_false">Rich</div><div title="Richard" class="b-checkbox-list__option b-checkbox-list__option_checked_false b-checkbox-list__option_disabled_false">Richard</div><div title="Ruskeala" class="b-checkbox-list__option b-checkbox-list__option_checked_false b-checkbox-list__option_disabled_false">Ruskeala</div><div title="Sanfor" class="b-checkbox-list__option b-checkbox-list__option_checked_false b-checkbox-list__option_disabled_false">Sanfor</div><div title="Sangria" class="b-checkbox-list__option b-checkbox-list__option_checked_false b-checkbox-list__option_disabled_false">Sangria</div><div title="Santo Stefano" class="b-checkbox-list__option b-checkbox-list__option_checked_false b-checkbox-list__option_disabled_false">Santo Stefano</div><div title="Schauma" class="b-checkbox-list__option b-checkbox-list__option_checked_false b-checkbox-list__option_disabled_false">Schauma</div><div title="Sen Soy" class="b-checkbox-list__option b-checkbox-list__option_checked_false b-checkbox-list__option_disabled_false">Sen Soy</div><div title="Setra" class="b-checkbox-list__option b-checkbox-list__option_checked_false b-checkbox-list__option_disabled_false">Setra</div><div title="Shustoff" class="b-checkbox-list__option b-checkbox-list__option_checked_false b-checkbox-list__option_disabled_false">Shustoff</div><div title="Sicilia" class="b-checkbox-list__option b-checkbox-list__option_checked_false b-checkbox-list__option_disabled_false">Sicilia</div><div title="Skittles" class="b-checkbox-list__option b-checkbox-list__option_checked_false b-checkbox-list__option_disabled_false">Skittles</div><div title="Snickers" class="b-checkbox-list__option b-checkbox-list__option_checked_false b-checkbox-list__option_disabled_false">Snickers</div><div title="Soko Grande" class="b-checkbox-list__option b-checkbox-list__option_checked_false b-checkbox-list__option_disabled_false">Soko Grande</div><div title="Splat" class="b-checkbox-list__option b-checkbox-list__option_checked_false b-checkbox-list__option_disabled_false">Splat</div><div title="Steersman" class="b-checkbox-list__option b-checkbox-list__option_checked_false b-checkbox-list__option_disabled_false">Steersman</div><div title="Stolichnaya" class="b-checkbox-list__option b-checkbox-list__option_checked_false b-checkbox-list__option_disabled_false">Stolichnaya</div><div title="Sweet box" class="b-checkbox-list__option b-checkbox-list__option_checked_false b-checkbox-list__option_disabled_false">Sweet box</div><div title="Syoss" class="b-checkbox-list__option b-checkbox-list__option_checked_false b-checkbox-list__option_disabled_false">Syoss</div><div title="Tess" class="b-checkbox-list__option b-checkbox-list__option_checked_false b-checkbox-list__option_disabled_false">Tess</div><div title="The Colonist" class="b-checkbox-list__option b-checkbox-list__option_checked_false b-checkbox-list__option_disabled_false">The Colonist</div><div title="Tiret" class="b-checkbox-list__option b-checkbox-list__option_checked_false b-checkbox-list__option_disabled_false">Tiret</div><div title="Trattoria Di Maestro Turatti" class="b-checkbox-list__option b-checkbox-list__option_checked_false b-checkbox-list__option_disabled_false">Trattoria Di Maestro Turatti</div><div title="Tundra" class="b-checkbox-list__option b-checkbox-list__option_checked_false b-checkbox-list__option_disabled_false">Tundra</div><div title="Turbo Diesel" class="b-checkbox-list__option b-checkbox-list__option_checked_false b-checkbox-list__option_disabled_false">Turbo Diesel</div><div title="Twister" class="b-checkbox-list__option b-checkbox-list__option_checked_false b-checkbox-list__option_disabled_false">Twister</div><div title="Unicorn" class="b-checkbox-list__option b-checkbox-list__option_checked_false b-checkbox-list__option_disabled_false">Unicorn</div><div title="Unicum" class="b-checkbox-list__option b-checkbox-list__option_checked_false b-checkbox-list__option_disabled_false">Unicum</div><div title="Vanish" class="b-checkbox-list__option b-checkbox-list__option_checked_false b-checkbox-list__option_disabled_false">Vanish</div><div title="Venus" class="b-checkbox-list__option b-checkbox-list__option_checked_false b-checkbox-list__option_disabled_false">Venus</div><div title="VERMICELLI" class="b-checkbox-list__option b-checkbox-list__option_checked_false b-checkbox-list__option_disabled_false">VERMICELLI</div><div title="Vernel" class="b-checkbox-list__option b-checkbox-list__option_checked_false b-checkbox-list__option_disabled_false">Vernel</div><div title="Villa Krim" class="b-checkbox-list__option b-checkbox-list__option_checked_false b-checkbox-list__option_disabled_false">Villa Krim</div><div title="Viola" class="b-checkbox-list__option b-checkbox-list__option_checked_false b-checkbox-list__option_disabled_false">Viola</div><div title="Whiskas" class="b-checkbox-list__option b-checkbox-list__option_checked_false b-checkbox-list__option_disabled_false">Whiskas</div><div title="Woolite" class="b-checkbox-list__option b-checkbox-list__option_checked_false b-checkbox-list__option_disabled_false">Woolite</div><div title="Zewa" class="b-checkbox-list__option b-checkbox-list__option_checked_false b-checkbox-list__option_disabled_false">Zewa</div><div title="Авшарский Винный Завод" class="b-checkbox-list__option b-checkbox-list__option_checked_false b-checkbox-list__option_disabled_false">Авшарский Винный Завод</div><div title="Агуша" class="b-checkbox-list__option b-checkbox-list__option_checked_false b-checkbox-list__option_disabled_false">Агуша</div><div title="Азовская" class="b-checkbox-list__option b-checkbox-list__option_checked_false b-checkbox-list__option_disabled_false">Азовская</div><div title="Азовская кондитерская фабрика" class="b-checkbox-list__option b-checkbox-list__option_checked_false b-checkbox-list__option_disabled_false">Азовская кондитерская фабрика</div><div title="Акконд" class="b-checkbox-list__option b-checkbox-list__option_checked_false b-checkbox-list__option_disabled_false">Акконд</div><div title="Активиа" class="b-checkbox-list__option b-checkbox-list__option_checked_false b-checkbox-list__option_disabled_false">Активиа</div><div title="Актуаль" class="b-checkbox-list__option b-checkbox-list__option_checked_false b-checkbox-list__option_disabled_false">Актуаль</div><div title="Аладушкин" class="b-checkbox-list__option b-checkbox-list__option_checked_false b-checkbox-list__option_disabled_false">Аладушкин</div><div title="Аланталь" class="b-checkbox-list__option b-checkbox-list__option_checked_false b-checkbox-list__option_disabled_false">Аланталь</div><div title="Аленка" class="b-checkbox-list__option b-checkbox-list__option_checked_false b-checkbox-list__option_disabled_false">Аленка</div><div title="Аппетитка" class="b-checkbox-list__option b-checkbox-list__option_checked_false b-checkbox-list__option_disabled_false">Аппетитка</div><div title="Апсны" class="b-checkbox-list__option b-checkbox-list__option_checked_false b-checkbox-list__option_disabled_false">Апсны</div><div title="Архангельская" class="b-checkbox-list__option b-checkbox-list__option_checked_false b-checkbox-list__option_disabled_false">Архангельская</div><div title="Архыз" class="b-checkbox-list__option b-checkbox-list__option_checked_false b-checkbox-list__option_disabled_false">Архыз</div><div title="Асто" class="b-checkbox-list__option b-checkbox-list__option_checked_false b-checkbox-list__option_disabled_false">Асто</div><div title="Атяшево" class="b-checkbox-list__option b-checkbox-list__option_checked_false b-checkbox-list__option_disabled_false">Атяшево</div><div title="Аш-тау" class="b-checkbox-list__option b-checkbox-list__option_checked_false b-checkbox-list__option_disabled_false">Аш-тау</div><div title="Баварушка" class="b-checkbox-list__option b-checkbox-list__option_checked_false b-checkbox-list__option_disabled_false">Баварушка</div><div title="Балтийский берег" class="b-checkbox-list__option b-checkbox-list__option_checked_false b-checkbox-list__option_disabled_false">Балтийский берег</div><div title="Бархатные ручки" class="b-checkbox-list__option b-checkbox-list__option_checked_false b-checkbox-list__option_disabled_false">Бархатные ручки</div><div title="Белая Березка" class="b-checkbox-list__option b-checkbox-list__option_checked_false b-checkbox-list__option_disabled_false">Белая Березка</div><div title="Белевская пастила" class="b-checkbox-list__option b-checkbox-list__option_checked_false b-checkbox-list__option_disabled_false">Белевская пастила</div><div title="Белочка" class="b-checkbox-list__option b-checkbox-list__option_checked_false b-checkbox-list__option_disabled_false">Белочка</div><div title="Белый налив" class="b-checkbox-list__option b-checkbox-list__option_checked_false b-checkbox-list__option_disabled_false">Белый налив</div><div title="Биг-ланч" class="b-checkbox-list__option b-checkbox-list__option_checked_false b-checkbox-list__option_disabled_false">Биг-ланч</div><div title="Биолан" class="b-checkbox-list__option b-checkbox-list__option_checked_false b-checkbox-list__option_disabled_false">Биолан</div><div title="БКК Коломенское" class="b-checkbox-list__option b-checkbox-list__option_checked_false b-checkbox-list__option_disabled_false">БКК Коломенское</div><div title="Ближние Горки" class="b-checkbox-list__option b-checkbox-list__option_checked_false b-checkbox-list__option_disabled_false">Ближние Горки</div><div title="Богучарские" class="b-checkbox-list__option b-checkbox-list__option_checked_false b-checkbox-list__option_disabled_false">Богучарские</div><div title="Большая чашка" class="b-checkbox-list__option b-checkbox-list__option_checked_false b-checkbox-list__option_disabled_false">Большая чашка</div><div title="Бон Пари" class="b-checkbox-list__option b-checkbox-list__option_checked_false b-checkbox-list__option_disabled_false">Бон Пари</div><div title="Боярушка" class="b-checkbox-list__option b-checkbox-list__option_checked_false b-checkbox-list__option_disabled_false">Боярушка</div><div title="Брест-Литовск" class="b-checkbox-list__option b-checkbox-list__option_checked_false b-checkbox-list__option_disabled_false">Брест-Литовск</div><div title="Бугульма" class="b-checkbox-list__option b-checkbox-list__option_checked_false b-checkbox-list__option_disabled_false">Бугульма</div><div title="Ваше здоровье" class="b-checkbox-list__option b-checkbox-list__option_checked_false b-checkbox-list__option_disabled_false">Ваше здоровье</div><div title="Великолукский Мясокомбинат" class="b-checkbox-list__option b-checkbox-list__option_checked_false b-checkbox-list__option_disabled_false">Великолукский Мясокомбинат</div><div title="Верховье" class="b-checkbox-list__option b-checkbox-list__option_checked_false b-checkbox-list__option_disabled_false">Верховье</div><div title="Вкуснотеево" class="b-checkbox-list__option b-checkbox-list__option_checked_false b-checkbox-list__option_disabled_false">Вкуснотеево</div><div title="Владпродукт" class="b-checkbox-list__option b-checkbox-list__option_checked_false b-checkbox-list__option_disabled_false">Владпродукт</div><div title="Волковская пивоварня" class="b-checkbox-list__option b-checkbox-list__option_checked_false b-checkbox-list__option_disabled_false">Волковская пивоварня</div><div title="Вологодское" class="b-checkbox-list__option b-checkbox-list__option_checked_false b-checkbox-list__option_disabled_false">Вологодское</div><div title="Волшебное дерево" class="b-checkbox-list__option b-checkbox-list__option_checked_false b-checkbox-list__option_disabled_false">Волшебное дерево</div><div title="Гастроном 1" class="b-checkbox-list__option b-checkbox-list__option_checked_false b-checkbox-list__option_disabled_false">Гастроном 1</div><div title="Главпродукт" class="b-checkbox-list__option b-checkbox-list__option_checked_false b-checkbox-list__option_disabled_false">Главпродукт</div><div title="Главсуп" class="b-checkbox-list__option b-checkbox-list__option_checked_false b-checkbox-list__option_disabled_false">Главсуп</div><div title="Горячая штучка" class="b-checkbox-list__option b-checkbox-list__option_checked_false b-checkbox-list__option_disabled_false">Горячая штучка</div><div title="Готово!" class="b-checkbox-list__option b-checkbox-list__option_checked_false b-checkbox-list__option_disabled_false">Готово!</div><div title="Гриль Мания" class="b-checkbox-list__option b-checkbox-list__option_checked_false b-checkbox-list__option_disabled_false">Гриль Мания</div><div title="Дальневосточный" class="b-checkbox-list__option b-checkbox-list__option_checked_false b-checkbox-list__option_disabled_false">Дальневосточный</div><div title="Даниссимо" class="b-checkbox-list__option b-checkbox-list__option_checked_false b-checkbox-list__option_disabled_false">Даниссимо</div><div title="ДАЁЖЪ" class="b-checkbox-list__option b-checkbox-list__option_checked_false b-checkbox-list__option_disabled_false">ДАЁЖЪ</div><div title="Дивный Берег" class="b-checkbox-list__option b-checkbox-list__option_checked_false b-checkbox-list__option_disabled_false">Дивный Берег</div><div title="Для всей семьи" class="b-checkbox-list__option b-checkbox-list__option_checked_false b-checkbox-list__option_disabled_false">Для всей семьи</div><div title="Добрый" class="b-checkbox-list__option b-checkbox-list__option_checked_false b-checkbox-list__option_disabled_false">Добрый</div><div title="Древний Эривань" class="b-checkbox-list__option b-checkbox-list__option_checked_false b-checkbox-list__option_disabled_false">Древний Эривань</div><div title="Дугладзе" class="b-checkbox-list__option b-checkbox-list__option_checked_false b-checkbox-list__option_disabled_false">Дугладзе</div><div title="Дым ДымычЪ" class="b-checkbox-list__option b-checkbox-list__option_checked_false b-checkbox-list__option_disabled_false">Дым ДымычЪ</div><div title="Дядя ваня" class="b-checkbox-list__option b-checkbox-list__option_checked_false b-checkbox-list__option_disabled_false">Дядя ваня</div><div title="Европром" class="b-checkbox-list__option b-checkbox-list__option_checked_false b-checkbox-list__option_disabled_false">Европром</div><div title="Егорьевская колбасно-гастрономическая фабрика" class="b-checkbox-list__option b-checkbox-list__option_checked_false b-checkbox-list__option_disabled_false">Егорьевская колбасно-гастрономическая фабрика</div><div title="Жаренки" class="b-checkbox-list__option b-checkbox-list__option_checked_false b-checkbox-list__option_disabled_false">Жаренки</div><div title="Живые конфеты" class="b-checkbox-list__option b-checkbox-list__option_checked_false b-checkbox-list__option_disabled_false">Живые конфеты</div><div title="Звездочки" class="b-checkbox-list__option b-checkbox-list__option_checked_false b-checkbox-list__option_disabled_false">Звездочки</div><div title="Здрава" class="b-checkbox-list__option b-checkbox-list__option_checked_false b-checkbox-list__option_disabled_false">Здрава</div><div title="Зелёная марка" class="b-checkbox-list__option b-checkbox-list__option_checked_false b-checkbox-list__option_disabled_false">Зелёная марка</div><div title="Зерница" class="b-checkbox-list__option b-checkbox-list__option_checked_false b-checkbox-list__option_disabled_false">Зерница</div><div title="Золотая семечка" class="b-checkbox-list__option b-checkbox-list__option_checked_false b-checkbox-list__option_disabled_false">Золотая семечка</div><div title="Золотой петушок" class="b-checkbox-list__option b-checkbox-list__option_checked_false b-checkbox-list__option_disabled_false">Золотой петушок</div><div title="Иваси" class="b-checkbox-list__option b-checkbox-list__option_checked_false b-checkbox-list__option_disabled_false">Иваси</div><div title="Индилайт" class="b-checkbox-list__option b-checkbox-list__option_checked_false b-checkbox-list__option_disabled_false">Индилайт</div><div title="Иней" class="b-checkbox-list__option b-checkbox-list__option_checked_false b-checkbox-list__option_disabled_false">Иней</div><div title="Инкерман" class="b-checkbox-list__option b-checkbox-list__option_checked_false b-checkbox-list__option_disabled_false">Инкерман</div><div title="Капитан Норд" class="b-checkbox-list__option b-checkbox-list__option_checked_false b-checkbox-list__option_disabled_false">Капитан Норд</div><div title="Каравай" class="b-checkbox-list__option b-checkbox-list__option_checked_false b-checkbox-list__option_disabled_false">Каравай</div><div title="Караван Сарай" class="b-checkbox-list__option b-checkbox-list__option_checked_false b-checkbox-list__option_disabled_false">Караван Сарай</div><div title="Карат Плюс" class="b-checkbox-list__option b-checkbox-list__option_checked_false b-checkbox-list__option_disabled_false">Карат Плюс</div><div title="Карельский бальзам" class="b-checkbox-list__option b-checkbox-list__option_checked_false b-checkbox-list__option_disabled_false">Карельский бальзам</div><div title="Каскад" class="b-checkbox-list__option b-checkbox-list__option_checked_false b-checkbox-list__option_disabled_false">Каскад</div><div title="Квант" class="b-checkbox-list__option b-checkbox-list__option_checked_false b-checkbox-list__option_disabled_false">Квант</div><div title="КД Посадъ" class="b-checkbox-list__option b-checkbox-list__option_checked_false b-checkbox-list__option_disabled_false">КД Посадъ</div><div title="Кизлярский" class="b-checkbox-list__option b-checkbox-list__option_checked_false b-checkbox-list__option_disabled_false">Кизлярский</div><div title="Киновский" class="b-checkbox-list__option b-checkbox-list__option_checked_false b-checkbox-list__option_disabled_false">Киновский</div><div title="Клинский мясокомбинат" class="b-checkbox-list__option b-checkbox-list__option_checked_false b-checkbox-list__option_disabled_false">Клинский мясокомбинат</div><div title="Комильфо" class="b-checkbox-list__option b-checkbox-list__option_checked_false b-checkbox-list__option_disabled_false">Комильфо</div><div title="Коммунарка" class="b-checkbox-list__option b-checkbox-list__option_checked_false b-checkbox-list__option_disabled_false">Коммунарка</div><div title="Конти" class="b-checkbox-list__option b-checkbox-list__option_checked_false b-checkbox-list__option_disabled_false">Конти</div><div title="Корела" class="b-checkbox-list__option b-checkbox-list__option_checked_false b-checkbox-list__option_disabled_false">Корела</div><div title="Коровка" class="b-checkbox-list__option b-checkbox-list__option_checked_false b-checkbox-list__option_disabled_false">Коровка</div><div title="Красный Октябрь" class="b-checkbox-list__option b-checkbox-list__option_checked_false b-checkbox-list__option_disabled_false">Красный Октябрь</div><div title="Кременкульское" class="b-checkbox-list__option b-checkbox-list__option_checked_false b-checkbox-list__option_disabled_false">Кременкульское</div><div title="Кремлина" class="b-checkbox-list__option b-checkbox-list__option_checked_false b-checkbox-list__option_disabled_false">Кремлина</div><div title="Крепкие традиции" class="b-checkbox-list__option b-checkbox-list__option_checked_false b-checkbox-list__option_disabled_false">Крепкие традиции</div><div title="Крымский Погребок" class="b-checkbox-list__option b-checkbox-list__option_checked_false b-checkbox-list__option_disabled_false">Крымский Погребок</div><div title="Кухмастер" class="b-checkbox-list__option b-checkbox-list__option_checked_false b-checkbox-list__option_disabled_false">Кухмастер</div><div title="Лакомства для здоровья" class="b-checkbox-list__option b-checkbox-list__option_checked_false b-checkbox-list__option_disabled_false">Лакомства для здоровья</div><div title="Левъ Голицынъ" class="b-checkbox-list__option b-checkbox-list__option_checked_false b-checkbox-list__option_disabled_false">Левъ Голицынъ</div><div title="Липецкая" class="b-checkbox-list__option b-checkbox-list__option_checked_false b-checkbox-list__option_disabled_false">Липецкая</div><div title="Ложкаревъ" class="b-checkbox-list__option b-checkbox-list__option_checked_false b-checkbox-list__option_disabled_false">Ложкаревъ</div><div title="Лыхны" class="b-checkbox-list__option b-checkbox-list__option_checked_false b-checkbox-list__option_disabled_false">Лыхны</div><div title="Мааг" class="b-checkbox-list__option b-checkbox-list__option_checked_false b-checkbox-list__option_disabled_false">Мааг</div><div title="Майский" class="b-checkbox-list__option b-checkbox-list__option_checked_false b-checkbox-list__option_disabled_false">Майский</div><div title="Малышок" class="b-checkbox-list__option b-checkbox-list__option_checked_false b-checkbox-list__option_disabled_false">Малышок</div><div title="Массандра" class="b-checkbox-list__option b-checkbox-list__option_checked_false b-checkbox-list__option_disabled_false">Массандра</div><div title="Махеевъ" class="b-checkbox-list__option b-checkbox-list__option_checked_false b-checkbox-list__option_disabled_false">Махеевъ</div><div title="Медвежонок Барни" class="b-checkbox-list__option b-checkbox-list__option_checked_false b-checkbox-list__option_disabled_false">Медвежонок Барни</div><div title="Медунок" class="b-checkbox-list__option b-checkbox-list__option_checked_false b-checkbox-list__option_disabled_false">Медунок</div><div title="Меридиан" class="b-checkbox-list__option b-checkbox-list__option_checked_false b-checkbox-list__option_disabled_false">Меридиан</div><div title="Мираторг" class="b-checkbox-list__option b-checkbox-list__option_checked_false b-checkbox-list__option_disabled_false">Мираторг</div><div title="Мистраль" class="b-checkbox-list__option b-checkbox-list__option_checked_false b-checkbox-list__option_disabled_false">Мистраль</div><div title="Мишаня" class="b-checkbox-list__option b-checkbox-list__option_checked_false b-checkbox-list__option_disabled_false">Мишаня</div><div title="Мишка Косолапый" class="b-checkbox-list__option b-checkbox-list__option_checked_false b-checkbox-list__option_disabled_false">Мишка Косолапый</div><div title="Мишки в лесу" class="b-checkbox-list__option b-checkbox-list__option_checked_false b-checkbox-list__option_disabled_false">Мишки в лесу</div><div title="Молочная культура" class="b-checkbox-list__option b-checkbox-list__option_checked_false b-checkbox-list__option_disabled_false">Молочная культура</div><div title="Морозко" class="b-checkbox-list__option b-checkbox-list__option_checked_false b-checkbox-list__option_disabled_false">Морозко</div><div title="Морошка" class="b-checkbox-list__option b-checkbox-list__option_checked_false b-checkbox-list__option_disabled_false">Морошка</div><div title="Морская планета" class="b-checkbox-list__option b-checkbox-list__option_checked_false b-checkbox-list__option_disabled_false">Морская планета</div><div title="Московская кофейня на паяхъ" class="b-checkbox-list__option b-checkbox-list__option_checked_false b-checkbox-list__option_disabled_false">Московская кофейня на паяхъ</div><div title="Мясная ферма" class="b-checkbox-list__option b-checkbox-list__option_checked_false b-checkbox-list__option_disabled_false">Мясная ферма</div><div title="Националь" class="b-checkbox-list__option b-checkbox-list__option_checked_false b-checkbox-list__option_disabled_false">Националь</div><div title="Невская сушка" class="b-checkbox-list__option b-checkbox-list__option_checked_false b-checkbox-list__option_disabled_false">Невская сушка</div><div title="Невские Берега" class="b-checkbox-list__option b-checkbox-list__option_checked_false b-checkbox-list__option_disabled_false">Невские Берега</div><div title="Невский кондитер" class="b-checkbox-list__option b-checkbox-list__option_checked_false b-checkbox-list__option_disabled_false">Невский кондитер</div><div title="Новгородский бекон" class="b-checkbox-list__option b-checkbox-list__option_checked_false b-checkbox-list__option_disabled_false">Новгородский бекон</div><div title="Ого!" class="b-checkbox-list__option b-checkbox-list__option_checked_false b-checkbox-list__option_disabled_false">Ого!</div><div title="Окраина" class="b-checkbox-list__option b-checkbox-list__option_checked_false b-checkbox-list__option_disabled_false">Окраина</div><div title="Ольховский Мк" class="b-checkbox-list__option b-checkbox-list__option_checked_false b-checkbox-list__option_disabled_false">Ольховский Мк</div><div title="Оредеж" class="b-checkbox-list__option b-checkbox-list__option_checked_false b-checkbox-list__option_disabled_false">Оредеж</div><div title="Останкино" class="b-checkbox-list__option b-checkbox-list__option_checked_false b-checkbox-list__option_disabled_false">Останкино</div><div title="От Мартина" class="b-checkbox-list__option b-checkbox-list__option_checked_false b-checkbox-list__option_disabled_false">От Мартина</div><div title="Пантенол" class="b-checkbox-list__option b-checkbox-list__option_checked_false b-checkbox-list__option_disabled_false">Пантенол</div><div title="Папа может" class="b-checkbox-list__option b-checkbox-list__option_checked_false b-checkbox-list__option_disabled_false">Папа может</div><div title="Пекарь" class="b-checkbox-list__option b-checkbox-list__option_checked_false b-checkbox-list__option_disabled_false">Пекарь</div><div title="Петелинка" class="b-checkbox-list__option b-checkbox-list__option_checked_false b-checkbox-list__option_disabled_false">Петелинка</div><div title="Петр Первый" class="b-checkbox-list__option b-checkbox-list__option_checked_false b-checkbox-list__option_disabled_false">Петр Первый</div><div title="Петруха" class="b-checkbox-list__option b-checkbox-list__option_checked_false b-checkbox-list__option_disabled_false">Петруха</div><div title="Пиканта" class="b-checkbox-list__option b-checkbox-list__option_checked_false b-checkbox-list__option_disabled_false">Пиканта</div><div title="Питейный дом" class="b-checkbox-list__option b-checkbox-list__option_checked_false b-checkbox-list__option_disabled_false">Питейный дом</div><div title="Победа вкуса" class="b-checkbox-list__option b-checkbox-list__option_checked_false b-checkbox-list__option_disabled_false">Победа вкуса</div><div title="Полет" class="b-checkbox-list__option b-checkbox-list__option_checked_false b-checkbox-list__option_disabled_false">Полет</div><div title="Помидорка" class="b-checkbox-list__option b-checkbox-list__option_checked_false b-checkbox-list__option_disabled_false">Помидорка</div><div title="Прелесть" class="b-checkbox-list__option b-checkbox-list__option_checked_false b-checkbox-list__option_disabled_false">Прелесть</div><div title="Простоквашино" class="b-checkbox-list__option b-checkbox-list__option_checked_false b-checkbox-list__option_disabled_false">Простоквашино</div><div title="Псоу" class="b-checkbox-list__option b-checkbox-list__option_checked_false b-checkbox-list__option_disabled_false">Псоу</div><div title="Птицефабрика Северная" class="b-checkbox-list__option b-checkbox-list__option_checked_false b-checkbox-list__option_disabled_false">Птицефабрика Северная</div><div title="Пчелка" class="b-checkbox-list__option b-checkbox-list__option_checked_false b-checkbox-list__option_disabled_false">Пчелка</div><div title="Пять звездочек" class="b-checkbox-list__option b-checkbox-list__option_checked_false b-checkbox-list__option_disabled_false">Пять звездочек</div><div title="Резной Палисад" class="b-checkbox-list__option b-checkbox-list__option_checked_false b-checkbox-list__option_disabled_false">Резной Палисад</div><div title="Ресторация обломов" class="b-checkbox-list__option b-checkbox-list__option_checked_false b-checkbox-list__option_disabled_false">Ресторация обломов</div><div title="Рестория" class="b-checkbox-list__option b-checkbox-list__option_checked_false b-checkbox-list__option_disabled_false">Рестория</div><div title="Рецепты бабушки Агафьи" class="b-checkbox-list__option b-checkbox-list__option_checked_false b-checkbox-list__option_disabled_false">Рецепты бабушки Агафьи</div><div title="Родные просторы" class="b-checkbox-list__option b-checkbox-list__option_checked_false b-checkbox-list__option_disabled_false">Родные просторы</div><div title="Роллтон" class="b-checkbox-list__option b-checkbox-list__option_checked_false b-checkbox-list__option_disabled_false">Роллтон</div><div title="Ростагрокомплекс" class="b-checkbox-list__option b-checkbox-list__option_checked_false b-checkbox-list__option_disabled_false">Ростагрокомплекс</div><div title="Рот Фронт" class="b-checkbox-list__option b-checkbox-list__option_checked_false b-checkbox-list__option_disabled_false">Рот Фронт</div><div title="Русская картошка" class="b-checkbox-list__option b-checkbox-list__option_checked_false b-checkbox-list__option_disabled_false">Русская картошка</div><div title="Русская Лоза" class="b-checkbox-list__option b-checkbox-list__option_checked_false b-checkbox-list__option_disabled_false">Русская Лоза</div><div title="Русский Продукт" class="b-checkbox-list__option b-checkbox-list__option_checked_false b-checkbox-list__option_disabled_false">Русский Продукт</div><div title="Русский Стандарт" class="b-checkbox-list__option b-checkbox-list__option_checked_false b-checkbox-list__option_disabled_false">Русский Стандарт</div><div title="Русский Узор" class="b-checkbox-list__option b-checkbox-list__option_checked_false b-checkbox-list__option_disabled_false">Русский Узор</div><div title="Рыбная кухня" class="b-checkbox-list__option b-checkbox-list__option_checked_false b-checkbox-list__option_disabled_false">Рыбная кухня</div><div title="С пылу с жару" class="b-checkbox-list__option b-checkbox-list__option_checked_false b-checkbox-list__option_disabled_false">С пылу с жару</div><div title="Сhateau Tamagne" class="b-checkbox-list__option b-checkbox-list__option_checked_false b-checkbox-list__option_disabled_false">Сhateau Tamagne</div><div title="Санта бремор" class="b-checkbox-list__option b-checkbox-list__option_checked_false b-checkbox-list__option_disabled_false">Санта бремор</div><div title="Сарафаново" class="b-checkbox-list__option b-checkbox-list__option_checked_false b-checkbox-list__option_disabled_false">Сарафаново</div><div title="Саят-Нова" class="b-checkbox-list__option b-checkbox-list__option_checked_false b-checkbox-list__option_disabled_false">Саят-Нова</div><div title="Свежее Завтра" class="b-checkbox-list__option b-checkbox-list__option_checked_false b-checkbox-list__option_disabled_false">Свежее Завтра</div><div title="Свитлогорье" class="b-checkbox-list__option b-checkbox-list__option_checked_false b-checkbox-list__option_disabled_false">Свитлогорье</div><div title="Святой Источник" class="b-checkbox-list__option b-checkbox-list__option_checked_false b-checkbox-list__option_disabled_false">Святой Источник</div><div title="Сдобная особа" class="b-checkbox-list__option b-checkbox-list__option_checked_false b-checkbox-list__option_disabled_false">Сдобная особа</div><div title="Селяночка" class="b-checkbox-list__option b-checkbox-list__option_checked_false b-checkbox-list__option_disabled_false">Селяночка</div><div title="Сибирская коллекция" class="b-checkbox-list__option b-checkbox-list__option_checked_false b-checkbox-list__option_disabled_false">Сибирская коллекция</div><div title="Сияние" class="b-checkbox-list__option b-checkbox-list__option_checked_false b-checkbox-list__option_disabled_false">Сияние</div><div title="Славянка" class="b-checkbox-list__option b-checkbox-list__option_checked_false b-checkbox-list__option_disabled_false">Славянка</div><div title="Славянские традиции" class="b-checkbox-list__option b-checkbox-list__option_checked_false b-checkbox-list__option_disabled_false">Славянские традиции</div><div title="Слобода" class="b-checkbox-list__option b-checkbox-list__option_checked_false b-checkbox-list__option_disabled_false">Слобода</div><div title="Слово мясника" class="b-checkbox-list__option b-checkbox-list__option_checked_false b-checkbox-list__option_disabled_false">Слово мясника</div><div title="Старейшина" class="b-checkbox-list__option b-checkbox-list__option_checked_false b-checkbox-list__option_disabled_false">Старейшина</div><div title="Стародворские колбасы" class="b-checkbox-list__option b-checkbox-list__option_checked_false b-checkbox-list__option_disabled_false">Стародворские колбасы</div><div title="Стародворье" class="b-checkbox-list__option b-checkbox-list__option_checked_false b-checkbox-list__option_disabled_false">Стародворье</div><div title="Стебель бамбука" class="b-checkbox-list__option b-checkbox-list__option_checked_false b-checkbox-list__option_disabled_false">Стебель бамбука</div><div title="Степ" class="b-checkbox-list__option b-checkbox-list__option_checked_false b-checkbox-list__option_disabled_false">Степ</div><div title="Сытый папа" class="b-checkbox-list__option b-checkbox-list__option_checked_false b-checkbox-list__option_disabled_false">Сытый папа</div><div title="Таранька" class="b-checkbox-list__option b-checkbox-list__option_checked_false b-checkbox-list__option_disabled_false">Таранька</div><div title="Тема" class="b-checkbox-list__option b-checkbox-list__option_checked_false b-checkbox-list__option_disabled_false">Тема</div><div title="Тесей" class="b-checkbox-list__option b-checkbox-list__option_checked_false b-checkbox-list__option_disabled_false">Тесей</div><div title="Три старика" class="b-checkbox-list__option b-checkbox-list__option_checked_false b-checkbox-list__option_disabled_false">Три старика</div><div title="Тысяча озер" class="b-checkbox-list__option b-checkbox-list__option_checked_false b-checkbox-list__option_disabled_false">Тысяча озер</div><div title="Ухтышки" class="b-checkbox-list__option b-checkbox-list__option_checked_false b-checkbox-list__option_disabled_false">Ухтышки</div><div title="Фабрика имени Крупской" class="b-checkbox-list__option b-checkbox-list__option_checked_false b-checkbox-list__option_disabled_false">Фабрика имени Крупской</div><div title="Фанагория" class="b-checkbox-list__option b-checkbox-list__option_checked_false b-checkbox-list__option_disabled_false">Фанагория</div><div title="Фили-Бейкер" class="b-checkbox-list__option b-checkbox-list__option_checked_false b-checkbox-list__option_disabled_false">Фили-Бейкер</div><div title="Фрутоняня" class="b-checkbox-list__option b-checkbox-list__option_checked_false b-checkbox-list__option_disabled_false">Фрутоняня</div><div title="Хлебный дом" class="b-checkbox-list__option b-checkbox-list__option_checked_false b-checkbox-list__option_disabled_false">Хлебный дом</div><div title="Хрутка" class="b-checkbox-list__option b-checkbox-list__option_checked_false b-checkbox-list__option_disabled_false">Хрутка</div><div title="Царская" class="b-checkbox-list__option b-checkbox-list__option_checked_false b-checkbox-list__option_disabled_false">Царская</div><div title="Цезарь" class="b-checkbox-list__option b-checkbox-list__option_checked_false b-checkbox-list__option_disabled_false">Цезарь</div><div title="Чегем" class="b-checkbox-list__option b-checkbox-list__option_checked_false b-checkbox-list__option_disabled_false">Чегем</div><div title="Черкизово" class="b-checkbox-list__option b-checkbox-list__option_checked_false b-checkbox-list__option_disabled_false">Черкизово</div><div title="Черный кабан" class="b-checkbox-list__option b-checkbox-list__option_checked_false b-checkbox-list__option_disabled_false">Черный кабан</div><div title="Четверг" class="b-checkbox-list__option b-checkbox-list__option_checked_false b-checkbox-list__option_disabled_false">Четверг</div><div title="Чистая линия" class="b-checkbox-list__option b-checkbox-list__option_checked_false b-checkbox-list__option_disabled_false">Чистая линия</div><div title="Чёрная карта" class="b-checkbox-list__option b-checkbox-list__option_checked_false b-checkbox-list__option_disabled_false">Чёрная карта</div><div title="Шарлиз" class="b-checkbox-list__option b-checkbox-list__option_checked_false b-checkbox-list__option_disabled_false">Шарлиз</div><div title="Шебекинские" class="b-checkbox-list__option b-checkbox-list__option_checked_false b-checkbox-list__option_disabled_false">Шебекинские</div><div title="Шишкин лес" class="b-checkbox-list__option b-checkbox-list__option_checked_false b-checkbox-list__option_disabled_false">Шишкин лес</div><div title="Шоколадница" class="b-checkbox-list__option b-checkbox-list__option_checked_false b-checkbox-list__option_disabled_false">Шоколадница</div><div title="Шоколадное" class="b-checkbox-list__option b-checkbox-list__option_checked_false b-checkbox-list__option_disabled_false">Шоколадное</div><div title="Щедрые" class="b-checkbox-list__option b-checkbox-list__option_checked_false b-checkbox-list__option_disabled_false">Щедрые</div><div title="Эго" class="b-checkbox-list__option b-checkbox-list__option_checked_false b-checkbox-list__option_disabled_false">Эго</div><div title="Экомилк" class="b-checkbox-list__option b-checkbox-list__option_checked_false b-checkbox-list__option_disabled_false">Экомилк</div><div title="Эшера" class="b-checkbox-list__option b-checkbox-list__option_checked_false b-checkbox-list__option_disabled_false">Эшера</div><div title="Юбилейное" class="b-checkbox-list__option b-checkbox-list__option_checked_false b-checkbox-list__option_disabled_false">Юбилейное</div><div title="Яровое поле" class="b-checkbox-list__option b-checkbox-list__option_checked_false b-checkbox-list__option_disabled_false">Яровое поле</div><div title="Ясно Солнышко" class="b-checkbox-list__option b-checkbox-list__option_checked_false b-checkbox-list__option_disabled_false">Ясно Солнышко</div><div title="Яшкино" class="b-checkbox-list__option b-checkbox-list__option_checked_false b-checkbox-list__option_disabled_false">Яшкино</div><div title="№1" class="b-checkbox-list__option b-checkbox-list__option_checked_false b-checkbox-list__option_disabled_false">№1</div></div></div></div></div> <div class="b-accordion b-accordion_disabled_false"><div class="b-accordion__root"><div class="b-accordion__item1"><div class="b-accordion__item1-title b-accordion__item1-title_current_true b-accordion__item1-title_disabled_false b-accordion__item1-title_opened_false">Все категории</div> <!----></div><div class="b-accordion__item1"><a href="/sankt-peterburg/retailers/5ka?segment=food" class="b-accordion__item1-title b-accordion__item1-title_selected_false b-accordion__item1-title_opened_false">Продукты</a> <!----></div><div class="b-accordion__item1"><a href="/sankt-peterburg/retailers/5ka?segment=alcohol" class="b-accordion__item1-title b-accordion__item1-title_selected_false b-accordion__item1-title_opened_false">Алкоголь</a> <!----></div><div class="b-accordion__item1"><a href="/sankt-peterburg/retailers/5ka?segment=home-stuff" class="b-accordion__item1-title b-accordion__item1-title_selected_false b-accordion__item1-title_opened_false">Для дома</a> <!----></div><div class="b-accordion__item1"><a href="/sankt-peterburg/retailers/5ka?segment=cosmetics-hygiene" class="b-accordion__item1-title b-accordion__item1-title_selected_false b-accordion__item1-title_opened_false">Косметика и гигиена</a> <!----></div><div class="b-accordion__item1"><a href="/sankt-peterburg/retailers/5ka?segment=for-kids" class="b-accordion__item1-title b-accordion__item1-title_selected_false b-accordion__item1-title_opened_false">Для детей</a> <!----></div><div class="b-accordion__item1"><a href="/sankt-peterburg/retailers/5ka?segment=pet-supplies" class="b-accordion__item1-title b-accordion__item1-title_selected_false b-accordion__item1-title_opened_false">Зоотовары</a> <!----></div><div class="b-accordion__item1"><a href="/sankt-peterburg/retailers/5ka?segment=mkt-summer-residence-garden-and-kitchen-garden-953" class="b-accordion__item1-title b-accordion__item1-title_selected_false b-accordion__item1-title_opened_false">Дача, сад и огород</a> <!----></div></div></div> <div id="sidebar_place" class="p-retailer__rtb-block p-retailer__rtb-block_type_sidebar"><div id="rtb-R-I-338751-2-6-197e646c04b2a8" class="rtb-output-4bd4242d9157f"><yatag class="h36bd0a9a j7d442c48"><style type="text/css">.j7d442c48{opacity: !important;white-space:normal !important;visibility:visible !important}.j7d442c48,.j7d442c48 yatag{display:block !important;font-family:inherit !important}.j7d442c48,.j7d442c48,.j7d442c48 a,.j7d442c48 b,.j7d442c48 em,.j7d442c48 iframe,.j7d442c48 img,.j7d442c48 table,.j7d442c48 tbody,.j7d442c48 td,.j7d442c48 tr,.j7d442c48 yatag{-webkit-box-sizing:content-box !important;box-sizing:content-box !important;color:inherit !important;font-size:inherit !important;font-weight:inherit !important;-webkit-hyphens:manual !important;-ms-hyphens:manual !important;hyphens:manual !important;-webkit-transition:none !important;-o-transition:none !important;transition:none !important}.j7d442c48,.j7d442c48 a,.j7d442c48 b,.j7d442c48 em,.j7d442c48 iframe,.j7d442c48 img,.j7d442c48 table,.j7d442c48 tbody,.j7d442c48 td,.j7d442c48 tr{background:none !important;border:none !important;border-radius:0 !important;border-spacing:0 !important;border-collapse:collapse !important;clear:none !important;float:none !important;font-variant:normal !important;letter-spacing:normal !important;line-height:normal !important;margin:0 !important;max-height:none !important;max-width:none !important;min-height:0 !important;min-width:0 !important;outline:none !important;padding:0 !important;position:static !important;text-align:left !important;text-decoration:none !important;text-indent:0 !important;text-transform:none !important;vertical-align:baseline !important;visibility:inherit !important;word-spacing:normal !important}.j7d442c48,.j7d442c48 a,.j7d442c48 b,.j7d442c48 em,.j7d442c48 img,.j7d442c48 table,.j7d442c48 tbody,.j7d442c48 td,.j7d442c48 tr{height:auto !important}.j7d442c48 table{display:table !important;empty-cells:hide !important;table-layout:fixed !important}.j7d442c48 table,.j7d442c48 td{font-size:100% !important}.j7d442c48 td{display:table-cell !important;vertical-align:middle !important}.j7d442c48{width:auto !important;height:auto !important;overflow:visible !important}.j7d442c48 .e21519817{position:relative !important;margin:auto !important;display:-webkit-box !important;display:-ms-flexbox !important;display:flex !important;-webkit-box-pack:center !important;-ms-flex-pack:center !important;justify-content:center !important;-webkit-box-align:center !important;-ms-flex-align:center !important;align-items:center !important;overflow:hidden !important}.j7d442c48 .o942ed237{padding:10px 16px 86px !important}.j7d442c48 .q29ee3838,.j7d442c48 .w867c239a{position:absolute !important;z-index:1 !important;top:0 !important;left:0 !important;right:0 !important;bottom:0 !important;width:100% !important;height:100% !important;display:none !important}.j7d442c48 .b7f1d569f{width:100% !important;height:100% !important;position:absolute !important;pointer-events:none !important}.j7d442c48 .e74783a50{position:relative !important;z-index:2 !important}.j7d442c48 .l9381b27{position:relative !important;top:0 !important;left:0 !important;width:100% !important;height:100% !important;-webkit-transform-origin:0 0 !important;transform-origin:0 0 !important}.j7d442c48 .l9381b27 iframe{position:absolute !important;top:0 !important;left:0 !important;width:100% !important;height:100% !important}.j7d442c48 .ecafee6f8{position:absolute !important;width:100% !important;right:0 !important;top:0 !important;z-index:20 !important}.j7d442c48 .vae5eeae0{position:absolute !important;z-index:21 !important;top:0 !important;left:0 !important;width:100% !important;height:100% !important}.j7d442c48 .b3adc0a12{position:absolute !important;top:0 !important;left:0 !important;z-index:10 !important;height:16px !important;padding:0 4px !important;font-size:11px !important;line-height:16px !important;color:#000 !important;text-decoration:none !important;background:#fff !important;border:1px solid #e5e5e5 !important;border-bottom-right-radius:3px !important;cursor:pointer !important}.j7d442c48 .he0a3a1d6{border:1px solid #303050 !important}.j7d442c48 .p4be3832{max-width:100% !important;max-height:100% !important}.j7d442c48 .p4be3832 .q29ee3838,.j7d442c48 .p4be3832 .w867c239a{display:block !important}.j7d442c48 .p4be3832 .w867c239a{-webkit-filter:blur(10px) saturate(0) contrast(400%) !important;filter:blur(10px) saturate(0) contrast(400%) !important}.j7d442c48 .p4be3832 .q29ee3838{background-color:rgba(38,38,38,.9) !important}.j7d442c48 .j522bab94{-webkit-box-pack:start !important;-ms-flex-pack:start !important;justify-content:flex-start !important}.j7d442c48 .j66789620,.j7d442c48 .s6c332f48{visibility:hidden !important;opacity:0 !important}.j7d442c48 .s6c332f48{max-width:1px !important;max-height:1px !important}.j7d442c48 .id641612{position:absolute !important;bottom:20px !important;left:16px !important;right:16px !important;z-index:3 !important;display:-webkit-box !important;display:-ms-flexbox !important;display:flex !important}@media (orientation:landscape){.j7d442c48 .id641612{margin:0 auto !important;width:260px !important}}.j7d442c48 .n2f69a781{height:48px !important;line-height:48px !important;font-size:16px !important;border-radius:8px !important;text-align:center !important;font-weight:700 !important;-ms-flex-item-align:stretch !important;align-self:stretch !important;padding:0 20px !important;white-space:nowrap !important;min-width:0 !important}.j7d442c48 .uddb4423a{background:-webkit-gradient(linear,left top,left bottom,from(#efefef),to(#e5e5e5)) !important;background:-o-linear-gradient(top,#efefef 0,#e5e5e5 100%) !important;background:linear-gradient(180deg,#efefef,#e5e5e5) !important;margin-right:8px !important;-webkit-box-flex:2 !important;-ms-flex:2 1 !important;flex:2 1 !important}.j7d442c48 .ofad6c5e4{background:-webkit-gradient(linear,left top,right top,color-stop(-40%,#f60),color-stop(20%,rgba(255,102,0,0))),-webkit-gradient(linear,right top,left top,color-stop(-40%,#f60),color-stop(20%,rgba(255,102,0,0))),-webkit-gradient(linear,left bottom,left top,color-stop(-80%,#f60),color-stop(80%,#fd0)) !important;background:-o-linear-gradient(left,#f60 -40%,rgba(255,102,0,0) 20%),-o-linear-gradient(right,#f60 -40%,rgba(255,102,0,0) 20%),-o-linear-gradient(bottom,#f60 -80%,#fd0 80%) !important;background:linear-gradient(90deg,#f60 -40%,rgba(255,102,0,0) 20%),linear-gradient(270deg,#f60 -40%,rgba(255,102,0,0) 20%),linear-gradient(0deg,#f60 -80%,#fd0 80%) !important;-webkit-box-flex:3 !important;-ms-flex:3 1 !important;flex:3 1 !important}.j7d442c48 .k24d7cd0e{display:inline-block !important;margin-left:8px !important}.j7d442c48 .kf2576b27{position:absolute !important;left:-1000px !important;top:-1000px !important;width:1px !important;height:1px !important;display:block !important}.j7d442c48 .w56345d29{cursor:pointer !important;position:absolute !important;right:4px !important;top:4px !important;z-index:10 !important}.j7d442c48 .uf6f4f67c.w56345d29{display:-webkit-box !important;display:-ms-flexbox !important;display:flex !important;-webkit-box-align:center !important;-ms-flex-align:center !important;align-items:center !important;-webkit-box-pack:center !important;-ms-flex-pack:center !important;justify-content:center !important;pointer-events:auto !important;border-radius:50% !important;-webkit-user-select:none !important;-moz-user-select:none !important;-ms-user-select:none !important;user-select:none !important;-webkit-tap-highlight-color:transparent !important}.j7d442c48 .uf6f4f67c.w56345d29:before{content:"" !important;position:absolute !important;top:-4px !important;left:50% !important;-webkit-transform:translateX(-50%) !important;transform:translateX(-50%) !important}.j7d442c48 .uf6f4f67c.w56345d29:hover .r280c7819{opacity:.8 !important}.j7d442c48 .uf6f4f67c.w56345d29.r8e22e7d2 .r280c7819{background-color:#fff !important;opacity:.8 !important}.j7d442c48 .uf6f4f67c.w56345d29.r8e22e7d2 .rcc8bb157 svg{fill:#575c66 !important}.j7d442c48 .uf6f4f67c.w56345d29.h9b77634a .r280c7819,.j7d442c48 .uf6f4f67c.w56345d29.ic8e0b828 .r280c7819{background:none !important}.j7d442c48 .uf6f4f67c.w56345d29.h9b77634a:hover{background-color:#e9e9e9 !important}.j7d442c48 .uf6f4f67c.w56345d29.h9b77634a .rcc8bb157 svg{fill:#242526 !important}.j7d442c48 .uf6f4f67c.w56345d29.h9b77634a .n520366b{color:#242526 !important}.j7d442c48 .uf6f4f67c.w56345d29.ic8e0b828:hover{background-color:rgba(248,250,255,.2) !important}.j7d442c48 .uf6f4f67c.w56345d29.ic8e0b828 .rcc8bb157 svg{fill:#fff !important}.j7d442c48 .uf6f4f67c.w56345d29.ic8e0b828 .n520366b{color:#fff !important}.j7d442c48 .uf6f4f67c.id542e1c7{width:12px !important;height:12px !important}.j7d442c48 .uf6f4f67c.id542e1c7:before{width:28px !important;height:28px !important}.j7d442c48 .uf6f4f67c.id542e1c7 .rcc8bb157{-webkit-transform:scale(.6) !important;transform:scale(.6) !important}.j7d442c48 .uf6f4f67c.qd3eeaa7f{width:16px !important;height:16px !important}.j7d442c48 .uf6f4f67c.qd3eeaa7f:before{width:32px !important;height:32px !important}.j7d442c48 .uf6f4f67c.qd3eeaa7f .rcc8bb157{-webkit-transform:scale(.8) !important;transform:scale(.8) !important}.j7d442c48 .uf6f4f67c.v8a568b21{width:24px !important;height:24px !important}.j7d442c48 .uf6f4f67c.v8a568b21:before{width:42px !important;height:42px !important}.j7d442c48 .uf6f4f67c.e6b22fd00{width:28px !important;height:28px !important}.j7d442c48 .uf6f4f67c.e6b22fd00:before{width:42px !important;height:42px !important}.j7d442c48 .uf6f4f67c.j5c1bd958{width:32px !important;height:32px !important}.j7d442c48 .uf6f4f67c.j5c1bd958:before{width:48px !important;height:48px !important}.j7d442c48 .r280c7819{height:100% !important;width:100% !important;position:absolute !important;top:0 !important;left:0 !important;z-index:-1 !important;border-radius:inherit !important;-webkit-transition:opacity .15s !important;-o-transition:opacity .15s !important;transition:opacity .15s !important;-webkit-transition:background-color .5s ease-in-out !important;-o-transition:background-color .5s ease-in-out !important;transition:background-color .5s ease-in-out !important}.j7d442c48 .r280c7819.b292efad6{background:rgba(26,43,77,.4) !important;color:#fff !important}.j7d442c48 .r280c7819.b292efad6:hover{opacity:.5 !important}.j7d442c48 .r280c7819.f45a9be34{background:hsla(0,0%,100%,.8) !important;color:#3a3c40 !important}.j7d442c48 .r280c7819.f45a9be34:hover{opacity:.9 !important}.j7d442c48 .r280c7819.j76402753{background:none !important}.j7d442c48 .uf6f4f67c .rcc8bb157{display:-webkit-box !important;display:-ms-flexbox !important;display:flex !important;-webkit-box-align:center !important;-ms-flex-align:center !important;align-items:center !important;-webkit-box-pack:center !important;-ms-flex-pack:center !important;justify-content:center !important;pointer-events:none !important}.j7d442c48 .uf6f4f67c .rcc8bb157.b292efad6 svg{fill:#fff !important}.j7d442c48 .uf6f4f67c .rcc8bb157.b292efad6 svg,.j7d442c48 .uf6f4f67c .rcc8bb157.f45a9be34 svg{-webkit-transition:fill .5s ease-in-out !important;-o-transition:fill .5s ease-in-out !important;transition:fill .5s ease-in-out !important}.j7d442c48 .uf6f4f67c .rcc8bb157.f45a9be34 svg{fill:#242526 !important}.j7d442c48 .n520366b{display:-webkit-box !important;display:-ms-flexbox !important;display:flex !important;-webkit-box-align:center !important;-ms-flex-align:center !important;align-items:center !important;-webkit-box-pack:center !important;-ms-flex-pack:center !important;justify-content:center !important;pointer-events:none !important}.j7d442c48 .n520366b.b292efad6{color:#fff !important}.j7d442c48 .n520366b.f45a9be34{color:#242526 !important}@-webkit-keyframes f6cf41f39{0%,to{opacity:0 !important;visibility:hidden !important}4%,96%{visibility:visible !important;opacity:1 !important}}@keyframes f6cf41f39{0%,to{opacity:0 !important;visibility:hidden !important}4%,96%{visibility:visible !important;opacity:1 !important}}@media (hover:hover) and (pointer:fine){.j7d442c48 .se98c27d8:hover .m6ff44f03{opacity:0 !important;visibility:hidden !important}.j7d442c48 .se98c27d8:hover .f52914a36{visibility:visible !important;opacity:1 !important}.j7d442c48 .se98c27d8[data-active]:hover .f52914a36{opacity:0 !important;visibility:hidden !important}.j7d442c48 .se98c27d8[data-active]:hover .m6ff44f03{visibility:visible !important;opacity:1 !important}}.j7d442c48 .se98c27d8.i9af3c68{right:45px !important}.j7d442c48 .se98c27d8.i9af3c68 .p66bbe2c3.m6ff44f03{-webkit-transform:translateX(41px) !important;transform:translateX(41px) !important}.j7d442c48 .se98c27d8.i9af3c68 .p66bbe2c3.m6ff44f03 .ha944f37a{-webkit-transform:translateX(-43px) !important;transform:translateX(-43px) !important}.j7d442c48 .se98c27d8{right:36px !important;width:32px !important}.j7d442c48 .se98c27d8[data-active] svg{color:#ee4f4f !important;fill:#ee4f4f !important}.j7d442c48 .se98c27d8[data-active] .m6ff44f03{-webkit-animation:f6cf41f39 8s linear !important;animation:f6cf41f39 8s linear !important}.j7d442c48 .se98c27d8 .p66bbe2c3{position:absolute !important;color:#fff !important;opacity:0 !important;visibility:hidden !important;white-space:nowrap !important;top:29px !important;right:50% !important;-webkit-transform:translateX(50%) !important;transform:translateX(50%) !important;background:#343334 !important;border-radius:6px !important;padding:0 8px !important;height:24px !important;line-height:24px !important;font-size:11px !important;-webkit-transition:all .2s !important;-o-transition:all .2s !important;transition:all .2s !important}.j7d442c48 .se98c27d8 .p66bbe2c3.m6ff44f03{-webkit-transform:translateX(32px) !important;transform:translateX(32px) !important;right:0 !important}.j7d442c48 .se98c27d8 .p66bbe2c3.m6ff44f03 .ha944f37a{right:0 !important;-webkit-transform:translateX(-34px) !important;transform:translateX(-34px) !important}.j7d442c48 .se98c27d8 .p66bbe2c3 .acea5627e{font-size:11px !important}.j7d442c48 .se98c27d8 .p66bbe2c3 .ha944f37a{width:28px !important;height:8px !important;position:absolute !important;top:-6px !important;right:50% !important;-webkit-transform:translateX(50%) !important;transform:translateX(50%) !important;display:-webkit-box !important;display:-ms-flexbox !important;display:flex !important;-webkit-box-align:center !important;-ms-flex-align:center !important;align-items:center !important;-webkit-box-pack:center !important;-ms-flex-pack:center !important;justify-content:center !important}.j7d442c48 .se98c27d8 .p66bbe2c3 .p2bfb0763{color:#ffd400 !important;text-decoration:none !important;text-transform:lowercase !important}.j7d442c48 .sb7df4850{margin-left:2px !important;pointer-events:auto !important;font-family:inherit !important;position:relative !important;-ms-flex-item-align:center !important;align-self:center !important}.j7d442c48 .wf74a9075{display:-webkit-box !important;display:-ms-flexbox !important;display:flex !important;-webkit-box-align:center !important;-ms-flex-align:center !important;align-items:center !important;cursor:pointer !important;position:absolute !important;left:4px !important;top:4px !important;z-index:10 !important;font-family:Helvetica,Arial,sans-serif !important;white-space:nowrap !important;height:12px !important;line-height:normal !important;-webkit-box-sizing:border-box !important;box-sizing:border-box !important;padding:0 4px !important;color:hsla(0,0%,100%,.8) !important;border-radius:16px !important;font-size:8px !important;text-transform:uppercase !important;letter-spacing:.125em !important;pointer-events:none !important;-webkit-transition:color .5s ease-in-out !important;-o-transition:color .5s ease-in-out !important;transition:color .5s ease-in-out !important}.j7d442c48 .wf74a9075,.j7d442c48 .wf74a9075>a{text-decoration:none !important}.j7d442c48 .wf74a9075>a{color:inherit !important}.j7d442c48 .wf74a9075.r8e22e7d2{color:#575c66 !important;background-color:#fff !important;opacity:.8 !important}.j7d442c48 .wf74a9075.h9b77634a,.j7d442c48 .wf74a9075.f45a9be34{color:#3a3c40 !important}.j7d442c48 .wf74a9075.f45a9be34{background:hsla(0,0%,100%,.8) !important}.j7d442c48 .wf74a9075.b292efad6,.j7d442c48 .wf74a9075.ic8e0b828{color:#fff !important}.j7d442c48 .wf74a9075.b292efad6{background:rgba(26,43,77,.4) !important}.j7d442c48 .wf74a9075.b4e81ad15,.j7d442c48 .wf74a9075.a84627c29{top:auto !important;left:auto !important;right:0 !important;bottom:0 !important;background:none !important;text-shadow:none !important;font-size:7px !important;padding:0 !important;height:auto !important;opacity:.8 !important;-webkit-backdrop-filter:none !important;backdrop-filter:none !important}.j7d442c48 .wf74a9075.j76402753{background:none !important}.j7d442c48 .wf74a9075.b8f3aa05{max-width:calc(100% - 42px) !important}.j7d442c48 .kb599b41a{margin:0 2px !important}.j7d442c48 .c37b30756{text-decoration:none !important;pointer-events:auto !important;color:inherit !important}.j7d442c48 .c55327b1d{position:absolute !important;right:-2px !important;top:0 !important;z-index:9 !important;pointer-events:auto !important}.j7d442c48 .m7b3060f0{background:red !important}</style><yatag class="kf2576b27"></yatag><yatag class="e21519817 m5f0e643f i1ff27fa3"><yatag class="e74783a50" style="width: 264px !important; height: 440px !important;"><yatag id="ya_partner_R-I-338751-2-6" class="l9381b27" style="width: 240px !important; height: 400px !important; transform: scale(1.1) !important;"><iframe frameborder="no" scrolling="no" allowtransparency="true" hidefocus="true" tabindex="-1" marginwidth="0" marginheight="0" src="https://yastatic.net/safeframe-bundles/0.83/1-1-0/protected/render.html" sandbox="allow-same-origin allow-popups allow-popups-to-escape-sandbox allow-scripts allow-forms" id="id7690" style="opacity: 1;"></iframe></yatag><yatag class="wf74a9075 r8e22e7d2" data-test="AdKebabAndLabel--adLabelContent" data-label="true"><a data-test="AdKebabAndLabel--link" class="c37b30756" href="https://yandex.ru/socialads-transparency-report" target="_blank"><yatag data-sociallabel="1">Соцреклама</yatag></a></yatag><yatag class="ecafee6f8 sd2dcca7e r741777e"><yatag data-close="true" data-new-adtune="true" data-sticky-adtune="false" class="uf6f4f67c w56345d29 r8e22e7d2 v8a568b21"><yatag class="r280c7819 j76402753"></yatag><yatag class="rcc8bb157"><svg width="8" height="20" viewBox="0 0 8 20" fill="white" xmlns="http://www.w3.org/2000/svg"><circle cx="4" cy="4" r="1.5"></circle><circle cx="4" cy="10" r="1.5"></circle><circle cx="4" cy="16" r="1.5"></circle></svg></yatag></yatag></yatag></yatag></yatag></yatag></div></div></div></div></div> <div class="b-loader b-root__loader b-loader_disabled_false b-loader_size_m b-loader_show_false b-loader_deffer-hiding_true"><div class="b-loader__root"><div class="b-loader__container"></div></div></div></div> <footer class="b-footer b-footer_disabled_false b-root__footer"><span class="b-footer__root"><div class="b-footer__footer-line"><div class="b-footer__container"><div class="b-footer__column"><div class="b-footer__link">Помощь</div><a href="https://corp.edadeal.ru/help" class="b-footer__link">Инструкции и советы</a> <a href="https://feedback.edadeal.ru/default" class="b-footer__link">Написать в поддержку</a> <a href="https://corp.edadeal.ru/legal" class="b-footer__link">Правовые документы</a></div><div class="b-footer__column"><div class="b-footer__link">Партнерство</div><a href="https://business.edadeal.ru" class="b-footer__link">Едадил для бизнеса</a></div><div class="b-footer__column"><div class="b-footer__link">Едадил в соцсетях</div><a href="https://vk.com/edadeal" class="b-footer__link">ВКонтакте</a> <a href="https://t.me/edadeal_official" class="b-footer__link">Телеграм</a></div><div class="b-footer__column"><div class="b-footer__link">Для СМИ</div><a href="mailto:pr@yandex-team.ru" class="b-footer__link b-footer__link_type_mailto">pr@yandex-team.ru</a></div><div class="b-footer__column"><div class="b-footer__link">Правообладателям</div><a href="https://corp.edadeal.ru/legal#copyright" class="b-footer__link">О предъявлении претензий</a></div></div></div> <div class="b-footer__footer-line"><div class="b-footer__container"><div class="b-footer__column"><div class="b-footer__copyright">© Едадил, 2022</div> <div class="b-footer__version"><div class="b-footer__semver">v4.10.0</div> <div class="b-footer__build">(b: 76e1987d134280)</div></div></div> <div class="b-footer__description">App Store является знаком обслуживания компании Apple Inc. Google Play и логотип Google Play<br> являются товарными знаками корпорации Google LLC. HUAWEI и логотип HUAWEI являются товарными<br> знаками компании Huawei Technologies Co., Ltd.</div></div></div></span></footer></div> <div class="b-action-message b-action-message_disabled_false"><div class="b-action-message__root"></div></div> <div class="b-action-message b-action-message_disabled_false"><div class="b-action-message__root"></div></div>   <!----></div> <iframe src="https://sso.passport.yandex.ru/pull?origin=https%3A%2F%2Fedadeal.ru%2Fsankt-peterburg%2Fretailers%2F5ka%3Fpage%3D2&amp;uuid=bd145d0d-1279-4d06-8dde-627489faa2f4" style="position: absolute; left: -1000px; top: -1000px;"></iframe><style nonce="">.rtb-output-4bd4242d9157f {display:-webkit-box;display:-ms-flexbox;display:flex;-webkit-box-pack:center;-ms-flex-pack:center;justify-content:center;width:100%;height:auto;}</style><div style="position: fixed; left: -99px;"><div id="aac08c1503"><iframe frameborder="no" scrolling="no" allowtransparency="true" hidefocus="true" tabindex="-1" marginwidth="0" marginheight="0" src="https://yastatic.net/safeframe-bundles/0.83/1-1-0/render.html" id="id1316" style="opacity: 1;"></iframe></div></div></body></html><html><head> <meta charset="utf-8"> <title>Каталог магазина "Пятёрочка" - Акции с 1 августа по 31 августа</title> <link crossorigin="use-credentials" rel="manifest" href="https://edadeal.ru/manifest.json"> <meta name="description" content="Скидки и акции в магазине &quot;Пятёрочка&quot; на сегодня в Санкт-Петербурге. Актуальный каталог скидок c 1&nbsp;августа по 31&nbsp;августа на сайте и в мобильном приложении. Узнайте, где покупать дешевле и экономьте до 50% уже сегодня c Едадил."> <meta name="viewport" content="width=device-width, initial-scale=1.0, viewport-fit=cover, user-scalable=yes"> <meta name="fragment" content="!">  <meta name="google-site-verification" content="5isjz1gObpPn7PREXwtlGeFu6h7rNcYIEvFU6hLeeNI"> <script type="text/javascript" nonce="" async="" src="https://mc.yandex.ru/metrika/watch.js"></script><script type="application/ld+json" nonce="">{ "@context": "http://schema.org", "@type": "WebSite", "name": "Едадил", "alternateName": "Edadeal", "url": "https://edadeal.ru" }</script> <meta name="theme-color" content="#27ae61"> <link rel="icon" type="image/png" sizes="32x32" href="https://yastatic.net/s3/edadeal-public-static/web/app/76e1987d134280/static/img/favicon-32x32.png"><link rel="icon" type="image/png" sizes="96x96" href="https://yastatic.net/s3/edadeal-public-static/web/app/76e1987d134280/static/img/favicon-96x96.png"><link rel="icon" type="image/png" sizes="16x16" href="https://yastatic.net/s3/edadeal-public-static/web/app/76e1987d134280/static/img/favicon-16x16.png"> <link rel="icon" href="https://yastatic.net/s3/edadeal-public-static/web/app/76e1987d134280/static/img/favicon.ico">  <meta property="og:url" content="https://edadeal.ru/sankt-peterburg/retailers/5ka?page=3"><meta property="og:watson" content="https://leonardo.edadeal.io/dyn/re/retailers/images/icons/sq/06c522eb34f54fed99665f69cb0794b7.png?res=l"><meta property="og:type" content="website"><meta property="og:site_name" content="Едадил"><meta property="og:title" content="Каталог магазина &quot;Пятёрочка&quot; - Акции с 1 августа по 31 августа"><meta property="og:image" content="https://yastatic.net/s3/edadeal-public-static/web/app/76e1987d134280/static/img/share_pic.png"><meta property="og:image:width" content="1200"><meta property="og:image:height" content="628"> <meta property="twitter:card" content="summary_large_image"><meta property="twitter:site" content="@edadeal_tw"><meta property="twitter:creator" content="@edadeal_tw"><meta property="twitter:title" content="Каталог магазина &quot;Пятёрочка&quot; - Акции с 1 августа по 31 августа"><meta property="twitter:description" content="Скидки и акции в магазине &quot;Пятёрочка&quot; на сегодня в Санкт-Петербурге. Актуальный каталог скидок c 1&nbsp;августа по 31&nbsp;августа на сайте и в мобильном приложении. Узнайте, где покупать дешевле и экономьте до 50% уже сегодня c Едадил."><meta property="twitter:image" content="https://yastatic.net/s3/edadeal-public-static/web/app/76e1987d134280/static/img/share_pic.png"> <link rel="canonical" href="https://edadeal.ru/sankt-peterburg/retailers/5ka"> <script type="text/javascript" nonce="">!function(n,i){if(n.Ya=n.Ya||{},Ya.Rum)throw new Error("Rum: interface is already defined");var e=n.performance,t=e&&e.timing&&e.timing.navigationStart||Ya.startPageLoad||+new Date,a=n.requestAnimationFrame,s=Ya.Rum={enabled:!!e,vsStart:document.visibilityState,vsChanged:!1,_defTimes:[],_defRes:[],_deltaMarks:{},_markListeners:{},_settings:{},_vars:{},init:function(n,i){s._settings=n,s._vars=i},getTime:e&&e.now?function(){return e.now()}:Date.now?function(){return Date.now()-t}:function(){return new Date-t},time:function(n){s._deltaMarks[n]=[s.getTime()]},timeEnd:function(n,i){var e=s._deltaMarks[n];e&&0!==e.length&&e.push(s.getTime(),i)},sendTimeMark:function(n,i,e,t){void 0===i&&(i=s.getTime()),s._defTimes.push([n,i,t]),s.mark(n,i)},sendDelta:function(n,i,e){var t=s._deltaMarks;if(!t[n]&&void 0!==i){var a=s.getTime();t[n]=[a-i,a,e]}},sendResTiming:function(n,i){s._defRes.push([n,i])},sendRaf:function(n){var i=s.getSetting("forcePaintTimeSending");if(a&&(i||!s.isVisibilityChanged())){var e="2616."+n;a(function(){!i&&s.isVisibilityChanged()||(s.getSetting("sendFirstRaf")&&s.sendTimeMark(e+".205"),a(function(){!i&&s.isVisibilityChanged()||s.sendTimeMark(e+".1928")}))})}},isVisibilityChanged:function(){return s.vsStart&&("visible"!==s.vsStart||s.vsChanged)},mark:e&&e.mark?function(n,i){e.mark(n+(i?": "+i:""))}:function(){},getSetting:function(n){var i=s._settings[n];return null===i?null:i||""},on:function(n,i){"function"==typeof i&&(s._markListeners[n]=s._markListeners[n]||[]).push(i)},sendTrafficData:function(){},finalizeLayoutShiftScore:function(){},finalizeLargestContentfulPaint:function(){},getLCPAdditionalParams:function(){}};document.addEventListener&&document.addEventListener("visibilitychange",function n(){Ya.Rum.vsChanged=!0,document.removeEventListener("visibilitychange",n)})}(window);</script><script type="text/javascript" nonce="">!function(){if(window.PerformanceLongTaskTiming){var e=function(e,n){return(e=e.concat(n)).length>300&&(e=e.slice(e.length-300)),e},n=Ya.Rum._tti={events:[],eventsAfterTTI:[],fired:!1,observer:new PerformanceObserver(function(r){var t=r.getEntries();n.events=e(n.events,t),n.fired&&(n.eventsAfterTTI=e(n.eventsAfterTTI,t))})};n.observer.observe({entryTypes:["longtask"]})}}();</script> <script type="text/javascript" nonce="">var GLOBAL_NONCE = "ZxJLRQj8u5E0UD8g4pikyA==";</script> <script type="text/javascript" nonce="">!function(e,t,a){(t[a]=t[a]||[]).push(function(){try{t.yaCounter=new Ya.Metrika({id:34675050,clickmap:!0,trackLinks:!0,accurateTrackBounce:!0,webvisor:!0,trackHash:!0})}catch(e){}});var n=e.getElementsByTagName("script")[0],c=e.createElement("script"),r=function(){n.parentNode.insertBefore(c,n)};c.type="text/javascript","undefined"!=typeof GLOBAL_NONCE&&c.setAttribute("nonce",GLOBAL_NONCE),c.async=!0,c.src="https://mc.yandex.ru/metrika/watch.js","[object Opera]"==t.opera?e.addEventListener("DOMContentLoaded",r,!1):r()}(document,window,"yandex_metrika_callbacks");</script> <!--Global site tag (gtag.js) - AdWords: 942218954 --> <link rel="preconnect" href="https://yastatic.net"><link rel="preconnect" href="https://usr.edadeal.ru"><link rel="preconnect" href="https://api.edadeal.ru"><link rel="preconnect" href="https://teleport.edadeal.ru"><link rel="preconnect" href="https://susanin.edadeal.ru"> <script src="https://sso.edadeal.ru/st/js/v1/mda2.1.min.js" nonce=""></script> <script type="text/javascript" nonce="">var $M=document.documentElement.clientWidth<960;$M||document.write('<script type="text/javascript" nonce="ZxJLRQj8u5E0UD8g4pikyA==" src="https://yastatic.net/pcode/adfox/loader.js" crossorigin="anonymous"><\/script><script type="text/javascript" nonce="ZxJLRQj8u5E0UD8g4pikyA==">function gtag(){dataLayer.push(arguments)}window.dataLayer=window.dataLayer||[],gtag("js",new Date),gtag("config","AW-942218954");<\/script>'); </script><script type="text/javascript" nonce="" src="https://yastatic.net/pcode/adfox/loader.js" crossorigin="anonymous"></script><link rel="preconnect" href="https://yastatic.net/"><link rel="preconnect" href="https://avatars.mds.yandex.net/"><link rel="preconnect" href="https://mc.yandex.ru/"><link rel="preconnect" href="https://ads.adfox.ru"><script charset="utf-8" src="https://yastatic.net/partner-code-bundles/625533/b7414de3fe8d89054eed.js" crossorigin="anonymous" importance="high"></script><script charset="utf-8" src="https://yastatic.net/partner-code-bundles/625533/c62b59551ab7eb70d3b2.js" crossorigin="anonymous" importance="high"></script><script async="" crossorigin="anonymous" src="https://yastatic.net/safeframe-bundles/0.83/host.js"></script><script charset="utf-8" src="https://yastatic.net/partner-code-bundles/625533/6d399edff6d2a4ccf715.js" crossorigin="anonymous" importance="high"></script><script type="text/javascript" nonce="">function gtag(){dataLayer.push(arguments)}window.dataLayer=window.dataLayer||[],gtag("js",new Date),gtag("config","AW-942218954");</script> <script type="text/javascript" nonce="">var BUILD_ID="76e1987d134280",GLOBAL_NONCE="ZxJLRQj8u5E0UD8g4pikyA==",MANIFEST={"p-coupons-redirect":["p-pages-redirect"],"p-retailer":["p-offers"],$:["libs.js","base"]},ENVIRONMENT="production",VERSION="4.10.0",BLENDER=!1,CLIENT_BASE_URL="https://yastatic.net/s3/edadeal-public-static/web/app/76e1987d134280/client",STATIC_PATH="https://yastatic.net/s3/edadeal-public-static/web/app/76e1987d134280/static",RTB_BLOCKS=$M?{offers:"R-I-338786-1",footer:"R-I-338786-2",offer:"R-I-338786-6",offer_top:"R-I-338786-146"}:{pagination:"R-I-338751-1",sidebar:"R-I-338751-2",offer:"R-I-338751-9",cashback:"R-I-338751-4",mainpage:"R-I-338751-6",sidebar_middle:"R-I-338751-5",offers_horizontal:"R-I-338751-7",offers_cards:"R-I-338751-8",cashbacks_horizontal:"R-I-338751-7",cashbacks_cards:"R-I-338751-8",sku:"R-I-338751-3"},RTB_PARAMS={},ANALYTICS={logInConsole:!1},COLLECTION_LOCAL_CACHE_ATTRS={nonce:"ZxJLRQj8u5E0UD8g4pikyA=="},API_SSO="https://sso.edadeal.ru",API_WEB="https://squark.edadeal.ru/web/",API_CB="https://cb.edadeal.ru/v2/",API_KOBAL="https://kobal.edastage.ru",API_CPS="https://api.edadeal.ru/wallet/v2/",API_USR="https://usr.edadeal.ru/auth/v1/",API_BARCODE="https://barcode.edadeal.ru/barcode/v3/",API_CHERCHER="https://search.edadeal.io/api/v2";$M?(VERSION='289d362b134311',document.write('<script type="text/javascript" nonce="ZxJLRQj8u5E0UD8g4pikyA==" crossorigin="" src="https://yastatic.net/s3/edadeal-public-static/frontend/touch/289d362b134311/ES2018/init.js"><\/script>')):function(e,t,a,s,r,i,c,p,o,d,l,n){for(t.$&&s.push.apply(s,t.$),t["p-retailer"]&&s.push.apply(s,t["p-retailer"]),s.push("p-retailer");e!==s.length;++e)-1!==(n=s[e]).indexOf(".")?-1!==n.indexOf(".css")?r.push(n):i.push(n):(r.push(n+".css"),i.push(n+".js"));p+=a,c+=a,document.write(p+r.join('">'+p)+'">'+c+i.join('"><\/script>'+c)+'"><\/script>')}(0,MANIFEST,CLIENT_BASE_URL+"/",[],[],[],'<script type="text/javascript" nonce="ZxJLRQj8u5E0UD8g4pikyA==" crossorigin="" src="','<link rel="stylesheet" nonce="ZxJLRQj8u5E0UD8g4pikyA==" href="'); </script><link rel="stylesheet" nonce="" href="https://yastatic.net/s3/edadeal-public-static/web/app/76e1987d134280/client/base.css"><link rel="stylesheet" nonce="" href="https://yastatic.net/s3/edadeal-public-static/web/app/76e1987d134280/client/p-offers.css"><link rel="stylesheet" nonce="" href="https://yastatic.net/s3/edadeal-public-static/web/app/76e1987d134280/client/p-retailer.css"><script type="text/javascript" nonce="" crossorigin="" src="https://yastatic.net/s3/edadeal-public-static/web/app/76e1987d134280/client/libs.js"></script><script type="text/javascript" nonce="" crossorigin="" src="https://yastatic.net/s3/edadeal-public-static/web/app/76e1987d134280/client/base.js"></script><script type="text/javascript" nonce="" crossorigin="" src="https://yastatic.net/s3/edadeal-public-static/web/app/76e1987d134280/client/p-offers.js"></script><script type="text/javascript" nonce="" crossorigin="" src="https://yastatic.net/s3/edadeal-public-static/web/app/76e1987d134280/client/p-retailer.js"></script>  <script type="text/javascript" async="" nonce="" src="https://an.yandex.ru/system/context.js"></script><style id="ysTextCssRule">@font-face {
        font-family: "YS Text Variable";
        src: url("https://yastatic.net/s3/home/fonts/ys/3/text-variable-full.woff2") format("woff2");
        font-weight: 400 700;
        font-display: optional;
    }</style><script charset="utf-8" src="https://yastatic.net/partner-code-bundles/625533/b8836b3f571f0cb774bb.js" crossorigin="anonymous" importance="high"></script><style type="text/css">.fjDgJL{width:100%;height:inherit;min-height:inherit;max-height:inherit}</style><style nonce="">#0aa43cbaa3{width:1px;height:1px;position:relative;}</style><style nonce="">#id2045{width:1px;height:1px;top:0px;left:0px;position:absolute;}</style><style nonce="">#ya_partner_R-I-338751-10-1865259267{width:100%;height:100%;position:relative;}</style><style nonce="">#id9243{width:100%;height:100%;top:0px;left:0px;position:absolute;}</style><style nonce="">#ya_partner_R-I-338751-2-6{width:100%;height:100%;position:relative;}</style><style nonce="">#id7206{width:100%;height:100%;top:0px;left:0px;position:absolute;}</style><script nonce="" src="blob:https://edadeal.ru/8a76f191-d0a2-4a75-9d7e-fe322eb730f0"></script></head><body><svg xmlns="http://www.w3.org/2000/svg" xmlns:xlink="http://www.w3.org/1999/xlink" style="position: absolute; width: 0; height: 0" id="__SVG_SPRITE_NODE__"><symbol xmlns="http://www.w3.org/2000/svg" xmlns:xlink="http://www.w3.org/1999/xlink" viewBox="0 0 24 24" id="clear">
    <!-- Generator: Sketch 44.1 (41455) - http://www.bohemiancoding.com/sketch -->
    <title>icon/clear</title>
    <desc>Created with Sketch.</desc>
    <defs></defs>
    <g id="clear_Symbols" stroke="none" stroke-width="1" fill="none" fill-rule="evenodd">
        <g id="clear_icon/clear" fill="#BBBBBB">
            <path d="M18.3,5.7 L18.3,5.7 L18.3,5.7 C17.9134007,5.31340068 17.2865993,5.31340068 16.9,5.7 L12,10.6 L7.1,5.7 L7.1,5.7 C6.71340068,5.31340068 6.08659932,5.31340068 5.7,5.7 L5.7,5.7 L5.7,5.7 C5.31340068,6.08659932 5.31340068,6.71340068 5.7,7.1 L10.6,12 L5.7,16.9 L5.7,16.9 C5.31340068,17.2865993 5.31340068,17.9134007 5.7,18.3 L5.7,18.3 L5.7,18.3 C6.08659932,18.6865993 6.71340068,18.6865993 7.1,18.3 L12,13.4 L16.9,18.3 L16.9,18.3 C17.2865993,18.6865993 17.9134007,18.6865993 18.3,18.3 L18.3,18.3 L18.3,18.3 C18.6865993,17.9134007 18.6865993,17.2865993 18.3,16.9 L13.4,12 L18.3,7.1 L18.3,7.1 C18.6865993,6.71340068 18.6865993,6.08659932 18.3,5.7 Z" id="clear_Shape" fill="currentColor"></path>
        </g>
    </g>
</symbol></svg><div class="b-window b-window_disabled_false b-window_overlay_true b-window_fit_standard b-window_hidden_true"><div class="b-window__root"><div class="b-window__overlay"></div> <!----></div></div><div class="b-window b-window_disabled_false b-window_overlay_true b-window_fit_standard b-window_hidden_true"><div class="b-window__root"><div class="b-window__overlay"></div> <!----></div></div><div class="b-window b-window_disabled_false b-window_overlay_true b-window_fit_standard b-window_hidden_true"><div class="b-window__root"><div class="b-window__overlay"></div> <!----></div></div><div class="b-window b-window_disabled_false b-window_overlay_true b-window_fit_standard b-window_hidden_true"><div class="b-window__root"><div class="b-window__overlay"></div> <!----></div></div>  <script type="text/javascript" nonce="">"function"==typeof $__RENDER_ROOT?$__RENDER_ROOT():document.write('<div id="root"></div>'); </script><div class="b-root b-root_disabled_false"><div class="b-root__root"><header class="b-header b-root__header b-header_disabled_false b-header_search-focused_false b-header_segments-opened_false b-header_can-show-suggest_false"><span class="b-header__root"><div class="b-header__wrapper"><div class="b-header__nav"><a href="/sankt-peterburg" class="b-header__logo"></a> <div class="b-header__sections"><a href="/sankt-peterburg/offers" class="b-header__section">Скидки</a> <a href="https://edadeal.ru/cashbacks" class="b-header__section b-header__section_active_false">Кэшбэк</a> <a href="http://coupons.edadeal.ru" class="b-header__section">Купоны</a> <a href="/sankt-peterburg/retailers" class="b-header__section b-header__section_active_true">Магазины</a></div></div> <div class="b-header__search-cell"><form class="b-header__search-wrapper b-header__search-wrapper_has-value_false"><div class="b-header__search-input-wrapper b-header__search-input-wrapper_has-value_false"><div class="b-header__search-input-container"><div class="b-header__search-input-hint" style="display: none;"><span></span></div> <input placeholder="Поиск акций и торговых сетей" class="b-header__search-input"></div></div> <button type="submit" class="b-header__search-button">Найти</button></form></div> <div class="b-header__controls"><div class="b-header__location-cell"><button aria-label="Выбрать город" class="b-header__location-chooser">город Санкт-Петербург</button></div> <!----> <div class="b-auth b-header__auth b-auth_disabled_false"><div class="b-auth__root"><button type="button" class="b-auth__login">Войти</button></div></div> <!----></div></div></span> <div class="b-header__suggest-wrapper" style="display: none;"><div class="b-header__suggest-container"></div></div> <div class="b-header__segments-wrapper" style="display: none;"><div class="b-header__segments-container"><a href="/sankt-peterburg/offers?segment=food" class="b-header__segment"><div class="b-header__segment-logo"><img src="https://yastatic.net/s3/edadeal-public-static/segments/svg/flat/seg_1.svg"></div> <div class="b-header__segment-title">Продукты</div></a><a href="/sankt-peterburg/offers?segment=alcohol" class="b-header__segment"><div class="b-header__segment-logo"><img src="https://yastatic.net/s3/edadeal-public-static/segments/svg/flat/seg_149.svg"></div> <div class="b-header__segment-title">Алкоголь</div></a><a href="/sankt-peterburg/offers?segment=home-stuff" class="b-header__segment"><div class="b-header__segment-logo"><img src="https://yastatic.net/s3/edadeal-public-static/segments/svg/flat/seg_248.svg"></div> <div class="b-header__segment-title">Для дома</div></a><a href="/sankt-peterburg/offers?segment=cosmetics-hygiene" class="b-header__segment"><div class="b-header__segment-logo"><img src="https://yastatic.net/s3/edadeal-public-static/segments/svg/flat/seg_296.svg"></div> <div class="b-header__segment-title">Косметика и&nbsp;гигиена</div></a><a href="/sankt-peterburg/offers?segment=for-kids" class="b-header__segment"><div class="b-header__segment-logo"><img src="https://yastatic.net/s3/edadeal-public-static/segments/svg/flat/seg_178.svg"></div> <div class="b-header__segment-title">Для детей</div></a><a href="/sankt-peterburg/offers?segment=pet-supplies" class="b-header__segment"><div class="b-header__segment-logo"><img src="https://yastatic.net/s3/edadeal-public-static/segments/svg/flat/seg_379.svg"></div> <div class="b-header__segment-title">Зоотовары</div></a><a href="/sankt-peterburg/offers?segment=stationery" class="b-header__segment"><div class="b-header__segment-logo"><img src="https://yastatic.net/s3/edadeal-public-static/segments/svg/flat/seg_384.svg"></div> <div class="b-header__segment-title">Канцтовары</div></a><a href="/sankt-peterburg/offers?segment=mkt-auto-470" class="b-header__segment"><div class="b-header__segment-logo"><img src="https://yastatic.net/s3/edadeal-public-static/segments/svg/flat/seg_470.svg"></div> <div class="b-header__segment-title">Авто</div></a><a href="/sankt-peterburg/offers?segment=mkt-leisure-and-entertainment-474" class="b-header__segment"><div class="b-header__segment-logo"><img src="https://yastatic.net/s3/edadeal-public-static/segments/svg/flat/seg_474.svg"></div> <div class="b-header__segment-title">Досуг и&nbsp;развлечения</div></a><a href="/sankt-peterburg/offers?segment=mkt-books-476" class="b-header__segment"><div class="b-header__segment-logo"><img src="https://yastatic.net/s3/edadeal-public-static/segments/svg/flat/seg_476.svg"></div> <div class="b-header__segment-title">Книги</div></a><a href="/sankt-peterburg/offers?segment=mkt-computers-477" class="b-header__segment"><div class="b-header__segment-logo"><img src="https://yastatic.net/s3/edadeal-public-static/segments/svg/flat/seg_477.svg"></div> <div class="b-header__segment-title">Компьютерная техника</div></a><a href="/sankt-peterburg/offers?segment=mkt-activities-481" class="b-header__segment"><div class="b-header__segment-logo"><img src="https://yastatic.net/s3/edadeal-public-static/segments/svg/flat/seg_481.svg"></div> <div class="b-header__segment-title">Спорт и&nbsp;отдых</div></a><a href="/sankt-peterburg/offers?segment=mkt-construction-and-repair-482" class="b-header__segment"><div class="b-header__segment-logo"><img src="https://yastatic.net/s3/edadeal-public-static/segments/svg/flat/seg_482.svg"></div> <div class="b-header__segment-title">Строительство и&nbsp;ремонт</div></a><a href="/sankt-peterburg/offers?segment=mkt-equipment-484" class="b-header__segment"><div class="b-header__segment-logo"><img src="https://yastatic.net/s3/edadeal-public-static/segments/svg/flat/seg_484.svg"></div> <div class="b-header__segment-title">Оборудование</div></a><a href="/sankt-peterburg/offers?segment=mkt-flowers-769" class="b-header__segment"><div class="b-header__segment-logo"><img src="https://yastatic.net/s3/edadeal-public-static/segments/svg/flat/seg_769.svg"></div> <div class="b-header__segment-title">Цветы, букеты, композиции</div></a><a href="/sankt-peterburg/offers?segment=mkt-summer-residence-garden-and-kitchen-garden-953" class="b-header__segment"><div class="b-header__segment-logo"><img src="https://yastatic.net/s3/edadeal-public-static/segments/svg/flat/seg_953.svg"></div> <div class="b-header__segment-title">Дача, сад и&nbsp;огород</div></a><a href="/sankt-peterburg/offers?segment=mkt-household-appliances-1076" class="b-header__segment"><div class="b-header__segment-logo"><img src="https://yastatic.net/s3/edadeal-public-static/segments/svg/flat/seg_1076.svg"></div> <div class="b-header__segment-title">Бытовая техника</div></a><a href="/sankt-peterburg/offers?segment=mkt-electronic-1077" class="b-header__segment"><div class="b-header__segment-logo"><img src="https://yastatic.net/s3/edadeal-public-static/segments/svg/flat/seg_1077.svg"></div> <div class="b-header__segment-title">Электроника</div></a><a href="/sankt-peterburg/offers?segment=mkt-clothes-shoes-and-accessories-1790" class="b-header__segment"><div class="b-header__segment-logo"><img src="https://yastatic.net/s3/edadeal-public-static/segments/svg/flat/seg_1790.svg"></div> <div class="b-header__segment-title">Одежда, обувь и&nbsp;аксессуары</div></a><a href="/sankt-peterburg/offers?segment=mkt-pharmacy-1846" class="b-header__segment"><div class="b-header__segment-logo"><img src="https://yastatic.net/s3/edadeal-public-static/segments/svg/flat/seg_1846.svg"></div> <div class="b-header__segment-title">Товары для здоровья</div></a></div></div></header> <div id="view" class="b-root__view"><div class="p-retailer p-retailer_mode_default p-retailer_view_default p-retailer_fetching-offers_false" locationuuid="sankt-peterburg"><div id="id-145" class="p-retailer__heading" style="min-height: 120px;"><div id="yandex_rtb_4047119223" class="fjDgJL yandex_rtb_R-I-338751-10"><yatag class="h36bd0a9a lddd3d6a"><style type="text/css">.lddd3d6a{opacity: !important;white-space:normal !important;visibility:visible !important}.lddd3d6a,.lddd3d6a yatag{display:block !important;font-family:inherit !important}.lddd3d6a,.lddd3d6a,.lddd3d6a a,.lddd3d6a b,.lddd3d6a em,.lddd3d6a iframe,.lddd3d6a img,.lddd3d6a table,.lddd3d6a tbody,.lddd3d6a td,.lddd3d6a tr,.lddd3d6a yatag{-webkit-box-sizing:content-box !important;box-sizing:content-box !important;color:inherit !important;font-size:inherit !important;font-weight:inherit !important;-webkit-hyphens:manual !important;-ms-hyphens:manual !important;hyphens:manual !important;-webkit-transition:none !important;-o-transition:none !important;transition:none !important}.lddd3d6a,.lddd3d6a a,.lddd3d6a b,.lddd3d6a em,.lddd3d6a iframe,.lddd3d6a img,.lddd3d6a table,.lddd3d6a tbody,.lddd3d6a td,.lddd3d6a tr{background:none !important;border:none !important;border-radius:0 !important;border-spacing:0 !important;border-collapse:collapse !important;clear:none !important;float:none !important;font-variant:normal !important;letter-spacing:normal !important;line-height:normal !important;margin:0 !important;max-height:none !important;max-width:none !important;min-height:0 !important;min-width:0 !important;outline:none !important;padding:0 !important;position:static !important;text-align:left !important;text-decoration:none !important;text-indent:0 !important;text-transform:none !important;vertical-align:baseline !important;visibility:inherit !important;word-spacing:normal !important}.lddd3d6a,.lddd3d6a a,.lddd3d6a b,.lddd3d6a em,.lddd3d6a img,.lddd3d6a table,.lddd3d6a tbody,.lddd3d6a td,.lddd3d6a tr{height:auto !important}.lddd3d6a table{display:table !important;empty-cells:hide !important;table-layout:fixed !important}.lddd3d6a table,.lddd3d6a td{font-size:100% !important}.lddd3d6a td{display:table-cell !important;vertical-align:middle !important}.lddd3d6a{width:auto !important;height:auto !important;overflow:visible !important}.lddd3d6a .e21519817{position:relative !important;margin:auto !important;display:-webkit-box !important;display:-ms-flexbox !important;display:flex !important;-webkit-box-pack:center !important;-ms-flex-pack:center !important;justify-content:center !important;-webkit-box-align:center !important;-ms-flex-align:center !important;align-items:center !important;overflow:hidden !important}.lddd3d6a .o942ed237{padding:10px 16px 86px !important}.lddd3d6a .q29ee3838,.lddd3d6a .w867c239a{position:absolute !important;z-index:1 !important;top:0 !important;left:0 !important;right:0 !important;bottom:0 !important;width:100% !important;height:100% !important;display:none !important}.lddd3d6a .b7f1d569f{width:100% !important;height:100% !important;position:absolute !important;pointer-events:none !important}.lddd3d6a .e74783a50{position:relative !important;z-index:2 !important}.lddd3d6a .l9381b27{position:relative !important;top:0 !important;left:0 !important;width:100% !important;height:100% !important;-webkit-transform-origin:0 0 !important;transform-origin:0 0 !important}.lddd3d6a .l9381b27 iframe{position:absolute !important;top:0 !important;left:0 !important;width:100% !important;height:100% !important}.lddd3d6a .ecafee6f8{position:absolute !important;width:100% !important;right:0 !important;top:0 !important;z-index:20 !important}.lddd3d6a .vae5eeae0{position:absolute !important;z-index:21 !important;top:0 !important;left:0 !important;width:100% !important;height:100% !important}.lddd3d6a .b3adc0a12{position:absolute !important;top:0 !important;left:0 !important;z-index:10 !important;height:16px !important;padding:0 4px !important;font-size:11px !important;line-height:16px !important;color:#000 !important;text-decoration:none !important;background:#fff !important;border:1px solid #e5e5e5 !important;border-bottom-right-radius:3px !important;cursor:pointer !important}.lddd3d6a .he0a3a1d6{border:1px solid #303050 !important}.lddd3d6a .p4be3832{max-width:100% !important;max-height:100% !important}.lddd3d6a .p4be3832 .q29ee3838,.lddd3d6a .p4be3832 .w867c239a{display:block !important}.lddd3d6a .p4be3832 .w867c239a{-webkit-filter:blur(10px) saturate(0) contrast(400%) !important;filter:blur(10px) saturate(0) contrast(400%) !important}.lddd3d6a .p4be3832 .q29ee3838{background-color:rgba(38,38,38,.9) !important}.lddd3d6a .j522bab94{-webkit-box-pack:start !important;-ms-flex-pack:start !important;justify-content:flex-start !important}.lddd3d6a .j66789620,.lddd3d6a .s6c332f48{visibility:hidden !important;opacity:0 !important}.lddd3d6a .s6c332f48{max-width:1px !important;max-height:1px !important}.lddd3d6a .id641612{position:absolute !important;bottom:20px !important;left:16px !important;right:16px !important;z-index:3 !important;display:-webkit-box !important;display:-ms-flexbox !important;display:flex !important}@media (orientation:landscape){.lddd3d6a .id641612{margin:0 auto !important;width:260px !important}}.lddd3d6a .n2f69a781{height:48px !important;line-height:48px !important;font-size:16px !important;border-radius:8px !important;text-align:center !important;font-weight:700 !important;-ms-flex-item-align:stretch !important;align-self:stretch !important;padding:0 20px !important;white-space:nowrap !important;min-width:0 !important}.lddd3d6a .uddb4423a{background:-webkit-gradient(linear,left top,left bottom,from(#efefef),to(#e5e5e5)) !important;background:-o-linear-gradient(top,#efefef 0,#e5e5e5 100%) !important;background:linear-gradient(180deg,#efefef,#e5e5e5) !important;margin-right:8px !important;-webkit-box-flex:2 !important;-ms-flex:2 1 !important;flex:2 1 !important}.lddd3d6a .ofad6c5e4{background:-webkit-gradient(linear,left top,right top,color-stop(-40%,#f60),color-stop(20%,rgba(255,102,0,0))),-webkit-gradient(linear,right top,left top,color-stop(-40%,#f60),color-stop(20%,rgba(255,102,0,0))),-webkit-gradient(linear,left bottom,left top,color-stop(-80%,#f60),color-stop(80%,#fd0)) !important;background:-o-linear-gradient(left,#f60 -40%,rgba(255,102,0,0) 20%),-o-linear-gradient(right,#f60 -40%,rgba(255,102,0,0) 20%),-o-linear-gradient(bottom,#f60 -80%,#fd0 80%) !important;background:linear-gradient(90deg,#f60 -40%,rgba(255,102,0,0) 20%),linear-gradient(270deg,#f60 -40%,rgba(255,102,0,0) 20%),linear-gradient(0deg,#f60 -80%,#fd0 80%) !important;-webkit-box-flex:3 !important;-ms-flex:3 1 !important;flex:3 1 !important}.lddd3d6a .k24d7cd0e{display:inline-block !important;margin-left:8px !important}.lddd3d6a .kf2576b27{position:absolute !important;left:-1000px !important;top:-1000px !important;width:1px !important;height:1px !important;display:block !important}.lddd3d6a .w56345d29{cursor:pointer !important;position:absolute !important;right:4px !important;top:4px !important;z-index:10 !important}.lddd3d6a .uf6f4f67c.w56345d29{display:-webkit-box !important;display:-ms-flexbox !important;display:flex !important;-webkit-box-align:center !important;-ms-flex-align:center !important;align-items:center !important;-webkit-box-pack:center !important;-ms-flex-pack:center !important;justify-content:center !important;pointer-events:auto !important;border-radius:50% !important;-webkit-user-select:none !important;-moz-user-select:none !important;-ms-user-select:none !important;user-select:none !important;-webkit-tap-highlight-color:transparent !important}.lddd3d6a .uf6f4f67c.w56345d29:before{content:"" !important;position:absolute !important;top:-4px !important;left:50% !important;-webkit-transform:translateX(-50%) !important;transform:translateX(-50%) !important}.lddd3d6a .uf6f4f67c.w56345d29:hover .r280c7819{opacity:.8 !important}.lddd3d6a .uf6f4f67c.w56345d29.r8e22e7d2 .r280c7819{background-color:#fff !important;opacity:.8 !important}.lddd3d6a .uf6f4f67c.w56345d29.r8e22e7d2 .rcc8bb157 svg{fill:#575c66 !important}.lddd3d6a .uf6f4f67c.w56345d29.h9b77634a .r280c7819,.lddd3d6a .uf6f4f67c.w56345d29.ic8e0b828 .r280c7819{background:none !important}.lddd3d6a .uf6f4f67c.w56345d29.h9b77634a:hover{background-color:#e9e9e9 !important}.lddd3d6a .uf6f4f67c.w56345d29.h9b77634a .rcc8bb157 svg{fill:#242526 !important}.lddd3d6a .uf6f4f67c.w56345d29.h9b77634a .n520366b{color:#242526 !important}.lddd3d6a .uf6f4f67c.w56345d29.ic8e0b828:hover{background-color:rgba(248,250,255,.2) !important}.lddd3d6a .uf6f4f67c.w56345d29.ic8e0b828 .rcc8bb157 svg{fill:#fff !important}.lddd3d6a .uf6f4f67c.w56345d29.ic8e0b828 .n520366b{color:#fff !important}.lddd3d6a .uf6f4f67c.id542e1c7{width:12px !important;height:12px !important}.lddd3d6a .uf6f4f67c.id542e1c7:before{width:28px !important;height:28px !important}.lddd3d6a .uf6f4f67c.id542e1c7 .rcc8bb157{-webkit-transform:scale(.6) !important;transform:scale(.6) !important}.lddd3d6a .uf6f4f67c.qd3eeaa7f{width:16px !important;height:16px !important}.lddd3d6a .uf6f4f67c.qd3eeaa7f:before{width:32px !important;height:32px !important}.lddd3d6a .uf6f4f67c.qd3eeaa7f .rcc8bb157{-webkit-transform:scale(.8) !important;transform:scale(.8) !important}.lddd3d6a .uf6f4f67c.v8a568b21{width:24px !important;height:24px !important}.lddd3d6a .uf6f4f67c.v8a568b21:before{width:42px !important;height:42px !important}.lddd3d6a .uf6f4f67c.e6b22fd00{width:28px !important;height:28px !important}.lddd3d6a .uf6f4f67c.e6b22fd00:before{width:42px !important;height:42px !important}.lddd3d6a .uf6f4f67c.j5c1bd958{width:32px !important;height:32px !important}.lddd3d6a .uf6f4f67c.j5c1bd958:before{width:48px !important;height:48px !important}.lddd3d6a .r280c7819{height:100% !important;width:100% !important;position:absolute !important;top:0 !important;left:0 !important;z-index:-1 !important;border-radius:inherit !important;-webkit-transition:opacity .15s !important;-o-transition:opacity .15s !important;transition:opacity .15s !important;-webkit-transition:background-color .5s ease-in-out !important;-o-transition:background-color .5s ease-in-out !important;transition:background-color .5s ease-in-out !important}.lddd3d6a .r280c7819.b292efad6{background:rgba(26,43,77,.4) !important;color:#fff !important}.lddd3d6a .r280c7819.b292efad6:hover{opacity:.5 !important}.lddd3d6a .r280c7819.f45a9be34{background:hsla(0,0%,100%,.8) !important;color:#3a3c40 !important}.lddd3d6a .r280c7819.f45a9be34:hover{opacity:.9 !important}.lddd3d6a .r280c7819.j76402753{background:none !important}.lddd3d6a .uf6f4f67c .rcc8bb157{display:-webkit-box !important;display:-ms-flexbox !important;display:flex !important;-webkit-box-align:center !important;-ms-flex-align:center !important;align-items:center !important;-webkit-box-pack:center !important;-ms-flex-pack:center !important;justify-content:center !important;pointer-events:none !important}.lddd3d6a .uf6f4f67c .rcc8bb157.b292efad6 svg{fill:#fff !important}.lddd3d6a .uf6f4f67c .rcc8bb157.b292efad6 svg,.lddd3d6a .uf6f4f67c .rcc8bb157.f45a9be34 svg{-webkit-transition:fill .5s ease-in-out !important;-o-transition:fill .5s ease-in-out !important;transition:fill .5s ease-in-out !important}.lddd3d6a .uf6f4f67c .rcc8bb157.f45a9be34 svg{fill:#242526 !important}.lddd3d6a .n520366b{display:-webkit-box !important;display:-ms-flexbox !important;display:flex !important;-webkit-box-align:center !important;-ms-flex-align:center !important;align-items:center !important;-webkit-box-pack:center !important;-ms-flex-pack:center !important;justify-content:center !important;pointer-events:none !important}.lddd3d6a .n520366b.b292efad6{color:#fff !important}.lddd3d6a .n520366b.f45a9be34{color:#242526 !important}@-webkit-keyframes f6cf41f39{0%,to{opacity:0 !important;visibility:hidden !important}4%,96%{visibility:visible !important;opacity:1 !important}}@keyframes f6cf41f39{0%,to{opacity:0 !important;visibility:hidden !important}4%,96%{visibility:visible !important;opacity:1 !important}}@media (hover:hover) and (pointer:fine){.lddd3d6a .se98c27d8:hover .m6ff44f03{opacity:0 !important;visibility:hidden !important}.lddd3d6a .se98c27d8:hover .f52914a36{visibility:visible !important;opacity:1 !important}.lddd3d6a .se98c27d8[data-active]:hover .f52914a36{opacity:0 !important;visibility:hidden !important}.lddd3d6a .se98c27d8[data-active]:hover .m6ff44f03{visibility:visible !important;opacity:1 !important}}.lddd3d6a .se98c27d8.i9af3c68{right:45px !important}.lddd3d6a .se98c27d8.i9af3c68 .p66bbe2c3.m6ff44f03{-webkit-transform:translateX(41px) !important;transform:translateX(41px) !important}.lddd3d6a .se98c27d8.i9af3c68 .p66bbe2c3.m6ff44f03 .ha944f37a{-webkit-transform:translateX(-43px) !important;transform:translateX(-43px) !important}.lddd3d6a .se98c27d8{right:36px !important;width:32px !important}.lddd3d6a .se98c27d8[data-active] svg{color:#ee4f4f !important;fill:#ee4f4f !important}.lddd3d6a .se98c27d8[data-active] .m6ff44f03{-webkit-animation:f6cf41f39 8s linear !important;animation:f6cf41f39 8s linear !important}.lddd3d6a .se98c27d8 .p66bbe2c3{position:absolute !important;color:#fff !important;opacity:0 !important;visibility:hidden !important;white-space:nowrap !important;top:29px !important;right:50% !important;-webkit-transform:translateX(50%) !important;transform:translateX(50%) !important;background:#343334 !important;border-radius:6px !important;padding:0 8px !important;height:24px !important;line-height:24px !important;font-size:11px !important;-webkit-transition:all .2s !important;-o-transition:all .2s !important;transition:all .2s !important}.lddd3d6a .se98c27d8 .p66bbe2c3.m6ff44f03{-webkit-transform:translateX(32px) !important;transform:translateX(32px) !important;right:0 !important}.lddd3d6a .se98c27d8 .p66bbe2c3.m6ff44f03 .ha944f37a{right:0 !important;-webkit-transform:translateX(-34px) !important;transform:translateX(-34px) !important}.lddd3d6a .se98c27d8 .p66bbe2c3 .acea5627e{font-size:11px !important}.lddd3d6a .se98c27d8 .p66bbe2c3 .ha944f37a{width:28px !important;height:8px !important;position:absolute !important;top:-6px !important;right:50% !important;-webkit-transform:translateX(50%) !important;transform:translateX(50%) !important;display:-webkit-box !important;display:-ms-flexbox !important;display:flex !important;-webkit-box-align:center !important;-ms-flex-align:center !important;align-items:center !important;-webkit-box-pack:center !important;-ms-flex-pack:center !important;justify-content:center !important}.lddd3d6a .se98c27d8 .p66bbe2c3 .p2bfb0763{color:#ffd400 !important;text-decoration:none !important;text-transform:lowercase !important}.lddd3d6a .sb7df4850{margin-left:2px !important;pointer-events:auto !important;font-family:inherit !important;position:relative !important;-ms-flex-item-align:center !important;align-self:center !important}.lddd3d6a .wf74a9075{display:-webkit-box !important;display:-ms-flexbox !important;display:flex !important;-webkit-box-align:center !important;-ms-flex-align:center !important;align-items:center !important;cursor:pointer !important;position:absolute !important;left:4px !important;top:4px !important;z-index:10 !important;font-family:Helvetica,Arial,sans-serif !important;white-space:nowrap !important;height:12px !important;line-height:normal !important;-webkit-box-sizing:border-box !important;box-sizing:border-box !important;padding:0 4px !important;color:hsla(0,0%,100%,.8) !important;border-radius:16px !important;font-size:8px !important;text-transform:uppercase !important;letter-spacing:.125em !important;pointer-events:none !important;-webkit-transition:color .5s ease-in-out !important;-o-transition:color .5s ease-in-out !important;transition:color .5s ease-in-out !important}.lddd3d6a .wf74a9075,.lddd3d6a .wf74a9075>a{text-decoration:none !important}.lddd3d6a .wf74a9075>a{color:inherit !important}.lddd3d6a .wf74a9075.r8e22e7d2{color:#575c66 !important;background-color:#fff !important;opacity:.8 !important}.lddd3d6a .wf74a9075.h9b77634a,.lddd3d6a .wf74a9075.f45a9be34{color:#3a3c40 !important}.lddd3d6a .wf74a9075.f45a9be34{background:hsla(0,0%,100%,.8) !important}.lddd3d6a .wf74a9075.b292efad6,.lddd3d6a .wf74a9075.ic8e0b828{color:#fff !important}.lddd3d6a .wf74a9075.b292efad6{background:rgba(26,43,77,.4) !important}.lddd3d6a .wf74a9075.b4e81ad15,.lddd3d6a .wf74a9075.a84627c29{top:auto !important;left:auto !important;right:0 !important;bottom:0 !important;background:none !important;text-shadow:none !important;font-size:7px !important;padding:0 !important;height:auto !important;opacity:.8 !important;-webkit-backdrop-filter:none !important;backdrop-filter:none !important}.lddd3d6a .wf74a9075.j76402753{background:none !important}.lddd3d6a .wf74a9075.b8f3aa05{max-width:calc(100% - 42px) !important}.lddd3d6a .kb599b41a{margin:0 2px !important}.lddd3d6a .c37b30756{text-decoration:none !important;pointer-events:auto !important;color:inherit !important}.lddd3d6a .c55327b1d{position:absolute !important;right:-2px !important;top:0 !important;z-index:9 !important;pointer-events:auto !important}.lddd3d6a .m7b3060f0{background:red !important}</style><yatag class="kf2576b27"></yatag><yatag class="e21519817 m5f0e643f i1ff27fa3"><yatag class="e74783a50" style="width: 1000px !important; height: 120px !important;"><yatag id="ya_partner_R-I-338751-10-1865259267" class="l9381b27" style="width: 1000px !important; height: 120px !important;"><iframe frameborder="no" scrolling="no" allowtransparency="true" hidefocus="true" tabindex="-1" marginwidth="0" marginheight="0" src="https://yastatic.net/safeframe-bundles/0.83/1-1-0/protected/render.html" sandbox="allow-same-origin allow-popups allow-popups-to-escape-sandbox allow-scripts allow-forms" id="id9243" style="opacity: 1;"></iframe></yatag><yatag class="wf74a9075 r8e22e7d2" data-test="AdKebabAndLabel--adLabelContent" data-label="true">Реклама</yatag><yatag class="ecafee6f8 sd2dcca7e r741777e"><yatag data-close="true" data-new-adtune="true" data-sticky-adtune="false" class="uf6f4f67c w56345d29 r8e22e7d2 v8a568b21"><yatag class="r280c7819 j76402753"></yatag><yatag class="rcc8bb157"><svg width="8" height="20" viewBox="0 0 8 20" fill="white" xmlns="http://www.w3.org/2000/svg"><circle cx="4" cy="4" r="1.5"></circle><circle cx="4" cy="10" r="1.5"></circle><circle cx="4" cy="16" r="1.5"></circle></svg></yatag></yatag></yatag></yatag></yatag></yatag></div></div> <div class="p-retailer__container"><div class="b-button b-button_disabled_false b-button_theme_blank b-button_shape_default b-button_size_m b-button_justify_start b-button_selected_false"><a href="/sankt-peterburg/retailers" class="b-button__root b-button__root_active_true"><!----> <div class="b-button__content">← К&nbsp;списку сетей  </div> <!----></a></div></div><div class="p-retailer__header"><h1>Скидки магазина «Пятёрочка»</h1> <!----></div><!----> <div class="p-retailer__container"><div class="p-retailer__base-column"><!----> <div class="p-retailer__representation"><div class="p-retailer__sort"><div class="p-retailer__sort-title">Сортировка:</div> <div class="b-button b-button_disabled_false b-button_theme_light b-button_shape_default b-button_size_s b-button_justify_start b-button_selected_true p-retailer__hor-button"><div tabindex="1" class="b-button__root"><!----> <div class="b-button__content">по&nbsp;умолчанию </div> <!----></div></div> <div class="b-button b-button_disabled_false b-button_theme_light b-button_shape_default b-button_size_s b-button_justify_start b-button_selected_false p-retailer__hor-button"><div tabindex="1" class="b-button__root"><!----> <div class="b-button__content">по&nbsp;цене  </div> <!----></div></div> <div class="b-button b-button_disabled_false b-button_theme_light b-button_shape_default b-button_size_s b-button_justify_start b-button_selected_false p-retailer__hor-button"><div tabindex="1" class="b-button__root"><!----> <div class="b-button__content">по&nbsp;скидке  </div> <!----></div></div></div><div class="b-offers-view b-offers-view_disabled_false"><div class="b-offers-view__root"><div class="b-offers-view__view-switchers"><div class="b-offers-view__view-switcher b-offers-view__view-switcher_type_line b-offers-view__view-switcher_current_false"></div><div class="b-offers-view__view-switcher b-offers-view__view-switcher_type_default b-offers-view__view-switcher_current_true"></div></div></div></div></div> <!----> <!----> <div class="p-retailer__offers-container"><div class="b-loader p-retailer__loader b-loader_disabled_false b-loader_size_m b-loader_show_false b-loader_deffer-hiding_true"><div class="b-loader__root"><div class="b-loader__container"></div></div></div> <div class="p-retailer__offers"><!----><a href="/sankt-peterburg/offers/c0073f65-2618-5b60-929b-38715dee8505?from=%2Fsankt-peterburg%2Fretailers%2F5ka%3Fpage%3D3" class="p-retailer__offer"><div class="b-offer b-offer_disabled_false b-offer_view_default b-offer_is-outdated_false b-offer_is-recipe-drug_false b-offer_is-added-to-cart_false"><!----> <div class="b-offer__root"><div class="b-offer__header"><div class="b-image b-image_disabled_false b-image_cap_s b-image_img_vert b-image_loaded_true b-offer__preview"><div class="b-image__root"><div class="b-image__cap b-image__cap_loading_false"><!----></div><img src="https://leonardo.edadeal.io/dyn/cr/catalyst/offers/svgyiwbulb4og4c4lmkd2hlole.jpg" alt="Колбаса Мясная, вареная, Папа Может, 500 г со скидкой" class="b-image__img" style=""></div></div> <div class="b-offer__offer-info"><div class="b-offer__badge">От&nbsp;2&nbsp;шт</div> <div class="b-offer__dates">По&nbsp;8&nbsp;августа <div title="Пятёрочка" class="b-image b-image_disabled_false b-image_cap_f b-image_img_vert b-image_loaded_true b-offer__retailer-icon"><div class="b-image__root"><div class="b-image__cap b-image__cap_loading_false"><!----></div><img src="https://leonardo.edadeal.io/dyn/re/retailers/images/icons/sq/06c522eb34f54fed99665f69cb0794b7.png" alt="Пятёрочка" class="b-image__img" style=""></div></div></div></div></div> <div class="b-offer__product-info"><div title="" class="b-offer__description">Колбаса Мясная, вареная, Папа Может, 500&nbsp;г</div> <div class="b-offer__quantity"><!----> 500 г / 279,98 ₽ за кг</div></div> <div class="b-offer__footer"><div class="b-offer__prices"><div title="139,99 ₽" class="b-offer__price-new">139,99 ₽</div> <div title="249,99 ₽" class="b-offer__price-old">249,99 ₽</div> <!----></div> <!----></div></div></div></a><!----><a href="/sankt-peterburg/offers/42b3255c-efb0-5641-b2ce-8d2e2f77970d?from=%2Fsankt-peterburg%2Fretailers%2F5ka%3Fpage%3D3" class="p-retailer__offer"><div class="b-offer b-offer_disabled_false b-offer_view_default b-offer_is-outdated_false b-offer_is-recipe-drug_false b-offer_is-added-to-cart_false"><!----> <div class="b-offer__root"><div class="b-offer__header"><div class="b-image b-image_disabled_false b-image_cap_s b-image_img_vert b-image_loaded_true b-offer__preview"><div class="b-image__root"><div class="b-image__cap b-image__cap_loading_false"><!----></div><img src="https://leonardo.edadeal.io/dyn/cr/catalyst/offers/w6hkkfw2sntn2rxzivf76wypsa.jpg" alt="Блинчики Морозко, с картофелем и грибами, 210 г со скидкой" class="b-image__img" style=""></div></div> <div class="b-offer__offer-info"><div class="b-offer__badge">-37%</div> <div class="b-offer__dates">По&nbsp;31&nbsp;августа <div title="Пятёрочка" class="b-image b-image_disabled_false b-image_cap_f b-image_img_vert b-image_loaded_true b-offer__retailer-icon"><div class="b-image__root"><div class="b-image__cap b-image__cap_loading_false"><!----></div><img src="https://leonardo.edadeal.io/dyn/re/retailers/images/icons/sq/06c522eb34f54fed99665f69cb0794b7.png" alt="Пятёрочка" class="b-image__img" style=""></div></div></div></div></div> <div class="b-offer__product-info"><div title="" class="b-offer__description">Блинчики Морозко, с&nbsp;картофелем и&nbsp;грибами, 210&nbsp;г</div> <div class="b-offer__quantity"><!----> 210 г / 238,05 ₽ за кг</div></div> <div class="b-offer__footer"><div class="b-offer__prices"><div title="49,99 ₽" class="b-offer__price-new">49,99 ₽</div> <div title="78,39 ₽" class="b-offer__price-old">78,39 ₽</div> <!----></div> <!----></div></div></div></a><!----><a href="/sankt-peterburg/offers/04b96520-49ba-5017-9b16-c621f681576c?from=%2Fsankt-peterburg%2Fretailers%2F5ka%3Fpage%3D3" class="p-retailer__offer"><div class="b-offer b-offer_disabled_false b-offer_view_default b-offer_is-outdated_false b-offer_is-recipe-drug_false b-offer_is-added-to-cart_false"><!----> <div class="b-offer__root"><div class="b-offer__header"><div class="b-image b-image_disabled_false b-image_cap_s b-image_img_vert b-image_loaded_true b-offer__preview"><div class="b-image__root"><div class="b-image__cap b-image__cap_loading_false"><!----></div><img src="https://leonardo.edadeal.io/dyn/cr/catalyst/offers/vmxneofs6xkyk2be2gr7orckly.jpg" alt="Пюре мясное Heinz Сочное рагу, с говядиной, 90 г со скидкой" class="b-image__img" style=""></div></div> <div class="b-offer__offer-info"><div class="b-offer__badge">-41%</div> <div class="b-offer__dates">По&nbsp;31&nbsp;августа <div title="Пятёрочка" class="b-image b-image_disabled_false b-image_cap_f b-image_img_vert b-image_loaded_true b-offer__retailer-icon"><div class="b-image__root"><div class="b-image__cap b-image__cap_loading_false"><!----></div><img src="https://leonardo.edadeal.io/dyn/re/retailers/images/icons/sq/06c522eb34f54fed99665f69cb0794b7.png" alt="Пятёрочка" class="b-image__img" style=""></div></div></div></div></div> <div class="b-offer__product-info"><div title="" class="b-offer__description">Пюре мясное Heinz Сочное рагу, с&nbsp;говядиной, 90&nbsp;г</div> <div class="b-offer__quantity"><!----> 90 г / 555,44 ₽ за кг</div></div> <div class="b-offer__footer"><div class="b-offer__prices"><div title="49,99 ₽" class="b-offer__price-new">49,99 ₽</div> <div title="83,99 ₽" class="b-offer__price-old">83,99 ₽</div> <!----></div> <!----></div></div></div></a><!----><a href="/sankt-peterburg/offers/26429e3f-0bfb-5237-ac21-2444f075f7da?from=%2Fsankt-peterburg%2Fretailers%2F5ka%3Fpage%3D3" class="p-retailer__offer"><div class="b-offer b-offer_disabled_false b-offer_view_default b-offer_is-outdated_false b-offer_is-recipe-drug_false b-offer_is-added-to-cart_false"><!----> <div class="b-offer__root"><div class="b-offer__header"><div class="b-image b-image_disabled_false b-image_cap_s b-image_img_vert b-image_loaded_true b-offer__preview"><div class="b-image__root"><div class="b-image__cap b-image__cap_loading_false"><!----></div><img src="https://leonardo.edadeal.io/dyn/cr/catalyst/offers/4om53c6pmhycnpidymzleybrpe.jpg" alt="Конфеты Halls, Mini Mints, мята, 12,5 г со скидкой" class="b-image__img" style=""></div></div> <div class="b-offer__offer-info"><div class="b-offer__badge">От&nbsp;3&nbsp;шт</div> <div class="b-offer__dates">По&nbsp;31&nbsp;августа <div title="Пятёрочка" class="b-image b-image_disabled_false b-image_cap_f b-image_img_vert b-image_loaded_true b-offer__retailer-icon"><div class="b-image__root"><div class="b-image__cap b-image__cap_loading_false"><!----></div><img src="https://leonardo.edadeal.io/dyn/re/retailers/images/icons/sq/06c522eb34f54fed99665f69cb0794b7.png" alt="Пятёрочка" class="b-image__img" style=""></div></div></div></div></div> <div class="b-offer__product-info"><div title="" class="b-offer__description">Конфеты Halls, Mini Mints, мята, 12,5 г</div> <div class="b-offer__quantity"><!----> 12,5 г / 2&nbsp;799,20 ₽ за кг</div></div> <div class="b-offer__footer"><div class="b-offer__prices"><div title="34,99 ₽" class="b-offer__price-new">34,99 ₽</div> <div title="59,99 ₽" class="b-offer__price-old">59,99 ₽</div> <!----></div> <!----></div></div></div></a><!----><a href="/sankt-peterburg/offers/5e6983f5-d0c8-508a-8b79-af99da493d3f?from=%2Fsankt-peterburg%2Fretailers%2F5ka%3Fpage%3D3" class="p-retailer__offer"><div class="b-offer b-offer_disabled_false b-offer_view_default b-offer_is-outdated_false b-offer_is-recipe-drug_false b-offer_is-added-to-cart_false"><!----> <div class="b-offer__root"><div class="b-offer__header"><div class="b-image b-image_disabled_false b-image_cap_s b-image_img_vert b-image_loaded_true b-offer__preview"><div class="b-image__root"><div class="b-image__cap b-image__cap_loading_false"><!----></div><img src="https://leonardo.edadeal.io/dyn/cr/catalyst/offers/xvp3ywvrmpltqn5mj7bitemkcu.jpg" alt="Конфеты Halls, Mini Mints, цитрус, 12,5 г со скидкой" class="b-image__img" style=""></div></div> <div class="b-offer__offer-info"><div class="b-offer__badge">От&nbsp;3&nbsp;шт</div> <div class="b-offer__dates">По&nbsp;31&nbsp;августа <div title="Пятёрочка" class="b-image b-image_disabled_false b-image_cap_f b-image_img_vert b-image_loaded_true b-offer__retailer-icon"><div class="b-image__root"><div class="b-image__cap b-image__cap_loading_false"><!----></div><img src="https://leonardo.edadeal.io/dyn/re/retailers/images/icons/sq/06c522eb34f54fed99665f69cb0794b7.png" alt="Пятёрочка" class="b-image__img" style=""></div></div></div></div></div> <div class="b-offer__product-info"><div title="" class="b-offer__description">Конфеты Halls, Mini Mints, цитрус, 12,5 г</div> <div class="b-offer__quantity"><!----> 12,5 г / 2&nbsp;799,20 ₽ за кг</div></div> <div class="b-offer__footer"><div class="b-offer__prices"><div title="34,99 ₽" class="b-offer__price-new">34,99 ₽</div> <div title="59,99 ₽" class="b-offer__price-old">59,99 ₽</div> <!----></div> <!----></div></div></div></a><!----><a href="/sankt-peterburg/offers/08f30a97-29a8-51e7-bdc9-67de71f68c10?from=%2Fsankt-peterburg%2Fretailers%2F5ka%3Fpage%3D3" class="p-retailer__offer"><div class="b-offer b-offer_disabled_false b-offer_view_default b-offer_is-outdated_false b-offer_is-recipe-drug_false b-offer_is-added-to-cart_false"><!----> <div class="b-offer__root"><div class="b-offer__header"><div class="b-image b-image_disabled_false b-image_cap_s b-image_img_vert b-image_loaded_true b-offer__preview"><div class="b-image__root"><div class="b-image__cap b-image__cap_loading_false"><!----></div><img src="https://leonardo.edadeal.io/dyn/cr/catalyst/offers/v5rx4b2ntcsdst67mgsatmnldi.jpg" alt="Ирис Meller, с соленой карамелью, 38 г со скидкой" class="b-image__img" style=""></div></div> <div class="b-offer__offer-info"><div class="b-offer__badge">-39%</div> <div class="b-offer__dates">По&nbsp;31&nbsp;августа <div title="Пятёрочка" class="b-image b-image_disabled_false b-image_cap_f b-image_img_vert b-image_loaded_true b-offer__retailer-icon"><div class="b-image__root"><div class="b-image__cap b-image__cap_loading_false"><!----></div><img src="https://leonardo.edadeal.io/dyn/re/retailers/images/icons/sq/06c522eb34f54fed99665f69cb0794b7.png" alt="Пятёрочка" class="b-image__img" style=""></div></div></div></div></div> <div class="b-offer__product-info"><div title="" class="b-offer__description">Ирис Meller, с&nbsp;соленой карамелью, 38&nbsp;г</div> <div class="b-offer__quantity"><!----> 38 г / 1&nbsp;052,37 ₽ за кг</div></div> <div class="b-offer__footer"><div class="b-offer__prices"><div title="39,99 ₽" class="b-offer__price-new">39,99 ₽</div> <div title="64,99 ₽" class="b-offer__price-old">64,99 ₽</div> <!----></div> <!----></div></div></div></a><!----><a href="/sankt-peterburg/offers/c086422c-9b6a-57ca-a3ba-502e422e4513?from=%2Fsankt-peterburg%2Fretailers%2F5ka%3Fpage%3D3" class="p-retailer__offer"><div class="b-offer b-offer_disabled_false b-offer_view_default b-offer_is-outdated_false b-offer_is-recipe-drug_false b-offer_is-added-to-cart_false"><!----> <div class="b-offer__root"><div class="b-offer__header"><div class="b-image b-image_disabled_false b-image_cap_s b-image_img_vert b-image_loaded_true b-offer__preview"><div class="b-image__root"><div class="b-image__cap b-image__cap_loading_false"><!----></div><img src="https://leonardo.edadeal.io/dyn/cr/catalyst/offers/h75l7f7s6p46bm46s7nofxxnem.jpg" alt="Ирис Meller, с шоколадом, 38 г со скидкой" class="b-image__img" style=""></div></div> <div class="b-offer__offer-info"><div class="b-offer__badge">-39%</div> <div class="b-offer__dates">По&nbsp;31&nbsp;августа <div title="Пятёрочка" class="b-image b-image_disabled_false b-image_cap_f b-image_img_vert b-image_loaded_true b-offer__retailer-icon"><div class="b-image__root"><div class="b-image__cap b-image__cap_loading_false"><!----></div><img src="https://leonardo.edadeal.io/dyn/re/retailers/images/icons/sq/06c522eb34f54fed99665f69cb0794b7.png" alt="Пятёрочка" class="b-image__img" style=""></div></div></div></div></div> <div class="b-offer__product-info"><div title="" class="b-offer__description">Ирис Meller, с&nbsp;шоколадом, 38&nbsp;г</div> <div class="b-offer__quantity"><!----> 38 г / 1&nbsp;052,37 ₽ за кг</div></div> <div class="b-offer__footer"><div class="b-offer__prices"><div title="39,99 ₽" class="b-offer__price-new">39,99 ₽</div> <div title="64,99 ₽" class="b-offer__price-old">64,99 ₽</div> <!----></div> <!----></div></div></div></a><!----><a href="/sankt-peterburg/offers/b1fba8f8-933a-520b-9502-b9cc300b2812?from=%2Fsankt-peterburg%2Fretailers%2F5ka%3Fpage%3D3" class="p-retailer__offer"><div class="b-offer b-offer_disabled_false b-offer_view_default b-offer_is-outdated_false b-offer_is-recipe-drug_false b-offer_is-added-to-cart_false"><!----> <div class="b-offer__root"><div class="b-offer__header"><div class="b-image b-image_disabled_false b-image_cap_s b-image_img_vert b-image_loaded_true b-offer__preview"><div class="b-image__root"><div class="b-image__cap b-image__cap_loading_false"><!----></div><img src="https://leonardo.edadeal.io/dyn/cr/catalyst/offers/xkwszp62fd77u3da335ivul5ma.jpg" alt="Блинчики с курицей, с Пылу с Жару, 360 г со скидкой" class="b-image__img" style=""></div></div> <div class="b-offer__offer-info"><div class="b-offer__badge">-36%</div> <div class="b-offer__dates">По&nbsp;8&nbsp;августа <div title="Пятёрочка" class="b-image b-image_disabled_false b-image_cap_f b-image_img_vert b-image_loaded_true b-offer__retailer-icon"><div class="b-image__root"><div class="b-image__cap b-image__cap_loading_false"><!----></div><img src="https://leonardo.edadeal.io/dyn/re/retailers/images/icons/sq/06c522eb34f54fed99665f69cb0794b7.png" alt="Пятёрочка" class="b-image__img" style=""></div></div></div></div></div> <div class="b-offer__product-info"><div title="" class="b-offer__description">Блинчики с&nbsp;курицей, с&nbsp;Пылу с&nbsp;Жару, 360&nbsp;г</div> <div class="b-offer__quantity"><!----> 360 г / 249,97 ₽ за кг</div></div> <div class="b-offer__footer"><div class="b-offer__prices"><div title="89,99 ₽" class="b-offer__price-new">89,99 ₽</div> <div title="139,99 ₽" class="b-offer__price-old">139,99 ₽</div> <!----></div> <!----></div></div></div></a><div id="offers_cards_place" class="p-retailer__rtb-block p-retailer__rtb-block_type_offers_cards"><div id="rtb-R-I-338751-8-2-483f822ac4d1c" class="rtb-output-1def1a5ba5195a"><div></div></div></div><a href="/sankt-peterburg/offers/136c6419-db89-5462-95b3-f2ea5966a1f6?from=%2Fsankt-peterburg%2Fretailers%2F5ka%3Fpage%3D3" class="p-retailer__offer"><div class="b-offer b-offer_disabled_false b-offer_view_default b-offer_is-outdated_false b-offer_is-recipe-drug_false b-offer_is-added-to-cart_false"><!----> <div class="b-offer__root"><div class="b-offer__header"><div class="b-image b-image_disabled_false b-image_cap_s b-image_img_vert b-image_loaded_true b-offer__preview"><div class="b-image__root"><div class="b-image__cap b-image__cap_loading_false"><!----></div><img src="https://leonardo.edadeal.io/dyn/cr/catalyst/offers/sqppribshxopapyhblesmthqbe.jpg" alt="Лапша японская Rice Vermicelli, рисовая вермишель, Sen Soy, 300 г со скидкой" class="b-image__img" style=""></div></div> <div class="b-offer__offer-info"><div class="b-offer__badge">-45%</div> <div class="b-offer__dates">По&nbsp;31&nbsp;августа <div title="Пятёрочка" class="b-image b-image_disabled_false b-image_cap_f b-image_img_vert b-image_loaded_true b-offer__retailer-icon"><div class="b-image__root"><div class="b-image__cap b-image__cap_loading_false"><!----></div><img src="https://leonardo.edadeal.io/dyn/re/retailers/images/icons/sq/06c522eb34f54fed99665f69cb0794b7.png" alt="Пятёрочка" class="b-image__img" style=""></div></div></div></div></div> <div class="b-offer__product-info"><div title="Лапша японская Rice Vermicelli, рисовая вермишель, Sen Soy, 300 г" class="b-offer__description">Лапша японская Rice Vermicelli, рисовая вермишель, Sen Soy,…</div> <div class="b-offer__quantity"><!----> 300 г / 316,63 ₽ за кг</div></div> <div class="b-offer__footer"><div class="b-offer__prices"><div title="94,99 ₽" class="b-offer__price-new">94,99 ₽</div> <div title="169,90 ₽" class="b-offer__price-old">169,90 ₽</div> <!----></div> <!----></div></div></div></a><!----><a href="/sankt-peterburg/offers/c4e76ca8-b7d8-5f38-b27b-14ddd4d2851c?from=%2Fsankt-peterburg%2Fretailers%2F5ka%3Fpage%3D3" class="p-retailer__offer"><div class="b-offer b-offer_disabled_false b-offer_view_default b-offer_is-outdated_false b-offer_is-recipe-drug_false b-offer_is-added-to-cart_false"><!----> <div class="b-offer__root"><div class="b-offer__header"><div class="b-image b-image_disabled_false b-image_cap_s b-image_img_vert b-image_loaded_true b-offer__preview"><div class="b-image__root"><div class="b-image__cap b-image__cap_loading_false"><!----></div><img src="https://leonardo.edadeal.io/dyn/cr/catalyst/offers/5gsebda25srxdlhnhyf3pj4hfy.jpg" alt="Смесь овощная Мираторг, картофель по-деревенски с травами, замороженная, 400 г со скидкой" class="b-image__img" style=""></div></div> <div class="b-offer__offer-info"><div class="b-offer__badge">-38%</div> <div class="b-offer__dates">По&nbsp;31&nbsp;августа <div title="Пятёрочка" class="b-image b-image_disabled_false b-image_cap_f b-image_img_vert b-image_loaded_true b-offer__retailer-icon"><div class="b-image__root"><div class="b-image__cap b-image__cap_loading_false"><!----></div><img src="https://leonardo.edadeal.io/dyn/re/retailers/images/icons/sq/06c522eb34f54fed99665f69cb0794b7.png" alt="Пятёрочка" class="b-image__img" style=""></div></div></div></div></div> <div class="b-offer__product-info"><div title="Смесь овощная Мираторг, картофель по-деревенски с травами, замороженная, 400 г" class="b-offer__description">Смесь овощная Мираторг, картофель по-деревенски с&nbsp;травами,…</div> <div class="b-offer__quantity"><!----> 400 г / 324,98 ₽ за кг</div></div> <div class="b-offer__footer"><div class="b-offer__prices"><div title="129,99 ₽" class="b-offer__price-new">129,99 ₽</div> <div title="207,99 ₽" class="b-offer__price-old">207,99 ₽</div> <!----></div> <!----></div></div></div></a><!----><a href="/sankt-peterburg/offers/747387f5-e63a-5636-b007-334181afe0b2?from=%2Fsankt-peterburg%2Fretailers%2F5ka%3Fpage%3D3" class="p-retailer__offer"><div class="b-offer b-offer_disabled_false b-offer_view_default b-offer_is-outdated_false b-offer_is-recipe-drug_false b-offer_is-added-to-cart_false"><!----> <div class="b-offer__root"><div class="b-offer__header"><div class="b-image b-image_disabled_false b-image_cap_s b-image_img_vert b-image_loaded_true b-offer__preview"><div class="b-image__root"><div class="b-image__cap b-image__cap_loading_false"><!----></div><img src="https://leonardo.edadeal.io/dyn/cr/catalyst/offers/qd7ddrddpxk2w6f77x7nesmk3i.jpg" alt="Какао-напиток Хрутка, 500 г со скидкой" class="b-image__img" style=""></div></div> <div class="b-offer__offer-info"><div class="b-offer__badge">-34%</div> <div class="b-offer__dates">По&nbsp;8&nbsp;августа <div title="Пятёрочка" class="b-image b-image_disabled_false b-image_cap_f b-image_img_vert b-image_loaded_true b-offer__retailer-icon"><div class="b-image__root"><div class="b-image__cap b-image__cap_loading_false"><!----></div><img src="https://leonardo.edadeal.io/dyn/re/retailers/images/icons/sq/06c522eb34f54fed99665f69cb0794b7.png" alt="Пятёрочка" class="b-image__img" style=""></div></div></div></div></div> <div class="b-offer__product-info"><div title="" class="b-offer__description">Какао-напиток Хрутка, 500&nbsp;г</div> <div class="b-offer__quantity"><!----> 500 г / 399,98 ₽ за кг</div></div> <div class="b-offer__footer"><div class="b-offer__prices"><div title="199,99 ₽" class="b-offer__price-new">199,99 ₽</div> <div title="299,99 ₽" class="b-offer__price-old">299,99 ₽</div> <!----></div> <!----></div></div></div></a><!----><a href="/sankt-peterburg/offers/28a17524-0d1b-5194-b808-b2355ed0b7bf?from=%2Fsankt-peterburg%2Fretailers%2F5ka%3Fpage%3D3" class="p-retailer__offer"><div class="b-offer b-offer_disabled_false b-offer_view_default b-offer_is-outdated_false b-offer_is-recipe-drug_false b-offer_is-added-to-cart_false"><!----> <div class="b-offer__root"><div class="b-offer__header"><div class="b-image b-image_disabled_false b-image_cap_s b-image_img_vert b-image_loaded_true b-offer__preview"><div class="b-image__root"><div class="b-image__cap b-image__cap_loading_false"><!----></div><img src="https://leonardo.edadeal.io/dyn/cr/catalyst/offers/hmjzsfhl3lvbaynfxflcsp37h4.jpg" alt="Колбаса Домашняя, полукопченая, Новгородский бекон, 500 г со скидкой" class="b-image__img" style=""></div></div> <div class="b-offer__offer-info"><div class="b-offer__badge">-41%</div> <div class="b-offer__dates">По&nbsp;8&nbsp;августа <div title="Пятёрочка" class="b-image b-image_disabled_false b-image_cap_f b-image_img_vert b-image_loaded_true b-offer__retailer-icon"><div class="b-image__root"><div class="b-image__cap b-image__cap_loading_false"><!----></div><img src="https://leonardo.edadeal.io/dyn/re/retailers/images/icons/sq/06c522eb34f54fed99665f69cb0794b7.png" alt="Пятёрочка" class="b-image__img" style=""></div></div></div></div></div> <div class="b-offer__product-info"><div title="" class="b-offer__description">Колбаса Домашняя, полукопченая, Новгородский бекон, 500&nbsp;г</div> <div class="b-offer__quantity"><!----> 500 г / 399,98 ₽ за кг</div></div> <div class="b-offer__footer"><div class="b-offer__prices"><div title="199,99 ₽" class="b-offer__price-new">199,99 ₽</div> <div title="338,29 ₽" class="b-offer__price-old">338,29 ₽</div> <!----></div> <!----></div></div></div></a><!----><a href="/sankt-peterburg/offers/297a5de5-435e-5113-b7f8-22b44d275c67?from=%2Fsankt-peterburg%2Fretailers%2F5ka%3Fpage%3D3" class="p-retailer__offer"><div class="b-offer b-offer_disabled_false b-offer_view_default b-offer_is-outdated_false b-offer_is-recipe-drug_false b-offer_is-added-to-cart_false"><!----> <div class="b-offer__root"><div class="b-offer__header"><div class="b-image b-image_disabled_false b-image_cap_s b-image_img_vert b-image_loaded_true b-offer__preview"><div class="b-image__root"><div class="b-image__cap b-image__cap_loading_false"><!----></div><img src="https://leonardo.edadeal.io/dyn/cr/catalyst/offers/lmrroy6md6lu7cmqj35xslut5y.jpg" alt="Кофе Nescafe Classic Crema, растворимый, 120 г со скидкой" class="b-image__img" style=""></div></div> <div class="b-offer__offer-info"><div class="b-offer__badge">-49%</div> <div class="b-offer__dates">По&nbsp;8&nbsp;августа <div title="Пятёрочка" class="b-image b-image_disabled_false b-image_cap_f b-image_img_vert b-image_loaded_true b-offer__retailer-icon"><div class="b-image__root"><div class="b-image__cap b-image__cap_loading_false"><!----></div><img src="https://leonardo.edadeal.io/dyn/re/retailers/images/icons/sq/06c522eb34f54fed99665f69cb0794b7.png" alt="Пятёрочка" class="b-image__img" style=""></div></div></div></div></div> <div class="b-offer__product-info"><div title="" class="b-offer__description">Кофе Nescafe Classic Crema, растворимый, 120&nbsp;г</div> <div class="b-offer__quantity"><!----> 120 г / 1&nbsp;499,92 ₽ за кг</div></div> <div class="b-offer__footer"><div class="b-offer__prices"><div title="179,99 ₽" class="b-offer__price-new">179,99 ₽</div> <div title="349,99 ₽" class="b-offer__price-old">349,99 ₽</div> <!----></div> <!----></div></div></div></a><!----><a href="/sankt-peterburg/offers/118d8995-e92e-5d10-8d0a-2be611cced78?from=%2Fsankt-peterburg%2Fretailers%2F5ka%3Fpage%3D3" class="p-retailer__offer"><div class="b-offer b-offer_disabled_false b-offer_view_default b-offer_is-outdated_false b-offer_is-recipe-drug_false b-offer_is-added-to-cart_false"><!----> <div class="b-offer__root"><div class="b-offer__header"><div class="b-image b-image_disabled_false b-image_cap_s b-image_img_vert b-image_loaded_true b-offer__preview"><div class="b-image__root"><div class="b-image__cap b-image__cap_loading_false"><!----></div><img src="https://leonardo.edadeal.io/dyn/cr/catalyst/offers/3m73abfsxawiwgelnsw42io3qe.jpg" alt="Колбаса Вязанка, со шпиком, Стародворские колбасы, 500 г со скидкой" class="b-image__img" style=""></div></div> <div class="b-offer__offer-info"><div class="b-offer__badge">-46%</div> <div class="b-offer__dates">По&nbsp;8&nbsp;августа <div title="Пятёрочка" class="b-image b-image_disabled_false b-image_cap_f b-image_img_vert b-image_loaded_true b-offer__retailer-icon"><div class="b-image__root"><div class="b-image__cap b-image__cap_loading_false"><!----></div><img src="https://leonardo.edadeal.io/dyn/re/retailers/images/icons/sq/06c522eb34f54fed99665f69cb0794b7.png" alt="Пятёрочка" class="b-image__img" style=""></div></div></div></div></div> <div class="b-offer__product-info"><div title="" class="b-offer__description">Колбаса Вязанка, со&nbsp;шпиком, Стародворские колбасы, 500&nbsp;г</div> <div class="b-offer__quantity"><!----> 500 г / 339,98 ₽ за кг</div></div> <div class="b-offer__footer"><div class="b-offer__prices"><div title="169,99 ₽" class="b-offer__price-new">169,99 ₽</div> <div title="309,99 ₽" class="b-offer__price-old">309,99 ₽</div> <!----></div> <!----></div></div></div></a><!----><a href="/sankt-peterburg/offers/f651a507-a23f-5d67-a404-1a6a2eb4cbf2?from=%2Fsankt-peterburg%2Fretailers%2F5ka%3Fpage%3D3" class="p-retailer__offer"><div class="b-offer b-offer_disabled_false b-offer_view_default b-offer_is-outdated_false b-offer_is-recipe-drug_false b-offer_is-added-to-cart_false"><!----> <div class="b-offer__root"><div class="b-offer__header"><div class="b-image b-image_disabled_false b-image_cap_s b-image_img_vert b-image_loaded_true b-offer__preview"><div class="b-image__root"><div class="b-image__cap b-image__cap_loading_false"><!----></div><img src="https://leonardo.edadeal.io/dyn/cr/catalyst/offers/ld6tyojnwvxeq3i6wmat4fcpcy.jpg" alt="Блинчики Морозко, с творогом, 210 г со скидкой" class="b-image__img" style=""></div></div> <div class="b-offer__offer-info"><div class="b-offer__badge">-34%</div> <div class="b-offer__dates">По&nbsp;31&nbsp;августа <div title="Пятёрочка" class="b-image b-image_disabled_false b-image_cap_f b-image_img_vert b-image_loaded_true b-offer__retailer-icon"><div class="b-image__root"><div class="b-image__cap b-image__cap_loading_false"><!----></div><img src="https://leonardo.edadeal.io/dyn/re/retailers/images/icons/sq/06c522eb34f54fed99665f69cb0794b7.png" alt="Пятёрочка" class="b-image__img" style=""></div></div></div></div></div> <div class="b-offer__product-info"><div title="" class="b-offer__description">Блинчики Морозко, с&nbsp;творогом, 210&nbsp;г</div> <div class="b-offer__quantity"><!----> 210 г / 238,05 ₽ за кг</div></div> <div class="b-offer__footer"><div class="b-offer__prices"><div title="49,99 ₽" class="b-offer__price-new">49,99 ₽</div> <div title="74,99 ₽" class="b-offer__price-old">74,99 ₽</div> <!----></div> <!----></div></div></div></a><!----><a href="/sankt-peterburg/offers/8720ed3e-c315-50be-beb8-cfeba32abd5c?from=%2Fsankt-peterburg%2Fretailers%2F5ka%3Fpage%3D3" class="p-retailer__offer"><div class="b-offer b-offer_disabled_false b-offer_view_default b-offer_is-outdated_false b-offer_is-recipe-drug_false b-offer_is-added-to-cart_false"><!----> <div class="b-offer__root"><div class="b-offer__header"><div class="b-image b-image_disabled_false b-image_cap_s b-image_img_vert b-image_loaded_true b-offer__preview"><div class="b-image__root"><div class="b-image__cap b-image__cap_loading_false"><!----></div><img src="https://leonardo.edadeal.io/dyn/cr/catalyst/offers/iwqm7lnvxo6zegovorz2zjlmvq.jpg" alt="Чипсы картофельные Bon Giorno, карамелизированный лук с сыром, 90 г со скидкой" class="b-image__img" style=""></div></div> <div class="b-offer__offer-info"><div class="b-offer__badge">-42%</div> <div class="b-offer__dates">По&nbsp;31&nbsp;августа <div title="Пятёрочка" class="b-image b-image_disabled_false b-image_cap_f b-image_img_vert b-image_loaded_true b-offer__retailer-icon"><div class="b-image__root"><div class="b-image__cap b-image__cap_loading_false"><!----></div><img src="https://leonardo.edadeal.io/dyn/re/retailers/images/icons/sq/06c522eb34f54fed99665f69cb0794b7.png" alt="Пятёрочка" class="b-image__img" style=""></div></div></div></div></div> <div class="b-offer__product-info"><div title="Чипсы картофельные Bon Giorno, карамелизированный лук с сыром, 90 г" class="b-offer__description">Чипсы картофельные Bon Giorno, карамелизированный лук…</div> <div class="b-offer__quantity"><!----> 90 г / 777,67 ₽ за кг</div></div> <div class="b-offer__footer"><div class="b-offer__prices"><div title="69,99 ₽" class="b-offer__price-new">69,99 ₽</div> <div title="119,99 ₽" class="b-offer__price-old">119,99 ₽</div> <!----></div> <!----></div></div></div></a><div id="offers_cards_place" class="p-retailer__rtb-block p-retailer__rtb-block_type_offers_cards"><div id="rtb-R-I-338751-8-3-dadb410bdce3d" class="rtb-output-1def1a5ba5195a"><div></div></div></div><a href="/sankt-peterburg/offers/5e39eeeb-93eb-5c3b-a65c-2e08cbc834dd?from=%2Fsankt-peterburg%2Fretailers%2F5ka%3Fpage%3D3" class="p-retailer__offer"><div class="b-offer b-offer_disabled_false b-offer_view_default b-offer_is-outdated_false b-offer_is-recipe-drug_false b-offer_is-added-to-cart_false"><!----> <div class="b-offer__root"><div class="b-offer__header"><div class="b-image b-image_disabled_false b-image_cap_s b-image_img_vert b-image_loaded_true b-offer__preview"><div class="b-image__root"><div class="b-image__cap b-image__cap_loading_false"><!----></div><img src="https://leonardo.edadeal.io/dyn/cr/catalyst/offers/okfdsgxv5wraesekrkwlhvyjxq.jpg" alt="Чипсы картофельные Bon Giorno, креветка в белом вине, 90 г со скидкой" class="b-image__img" style=""></div></div> <div class="b-offer__offer-info"><div class="b-offer__badge">-42%</div> <div class="b-offer__dates">По&nbsp;31&nbsp;августа <div title="Пятёрочка" class="b-image b-image_disabled_false b-image_cap_f b-image_img_vert b-image_loaded_true b-offer__retailer-icon"><div class="b-image__root"><div class="b-image__cap b-image__cap_loading_false"><!----></div><img src="https://leonardo.edadeal.io/dyn/re/retailers/images/icons/sq/06c522eb34f54fed99665f69cb0794b7.png" alt="Пятёрочка" class="b-image__img" style=""></div></div></div></div></div> <div class="b-offer__product-info"><div title="" class="b-offer__description">Чипсы картофельные Bon Giorno, креветка в&nbsp;белом вине, 90&nbsp;г</div> <div class="b-offer__quantity"><!----> 90 г / 777,67 ₽ за кг</div></div> <div class="b-offer__footer"><div class="b-offer__prices"><div title="69,99 ₽" class="b-offer__price-new">69,99 ₽</div> <div title="119,99 ₽" class="b-offer__price-old">119,99 ₽</div> <!----></div> <!----></div></div></div></a><!----><a href="/sankt-peterburg/offers/389ce556-5fc8-5ae3-aa65-8cf48dd75912?from=%2Fsankt-peterburg%2Fretailers%2F5ka%3Fpage%3D3" class="p-retailer__offer"><div class="b-offer b-offer_disabled_false b-offer_view_default b-offer_is-outdated_false b-offer_is-recipe-drug_false b-offer_is-added-to-cart_false"><!----> <div class="b-offer__root"><div class="b-offer__header"><div class="b-image b-image_disabled_false b-image_cap_s b-image_img_vert b-image_loaded_true b-offer__preview"><div class="b-image__root"><div class="b-image__cap b-image__cap_loading_false"><!----></div><img src="https://leonardo.edadeal.io/dyn/cr/catalyst/offers/nt2m6g5gyhletcdexkeddh54le.jpg" alt="Чипсы картофельные Bon Giorno, Сицилийские оливки, 90 г со скидкой" class="b-image__img" style=""></div></div> <div class="b-offer__offer-info"><div class="b-offer__badge">-42%</div> <div class="b-offer__dates">По&nbsp;31&nbsp;августа <div title="Пятёрочка" class="b-image b-image_disabled_false b-image_cap_f b-image_img_vert b-image_loaded_true b-offer__retailer-icon"><div class="b-image__root"><div class="b-image__cap b-image__cap_loading_false"><!----></div><img src="https://leonardo.edadeal.io/dyn/re/retailers/images/icons/sq/06c522eb34f54fed99665f69cb0794b7.png" alt="Пятёрочка" class="b-image__img" style=""></div></div></div></div></div> <div class="b-offer__product-info"><div title="" class="b-offer__description">Чипсы картофельные Bon Giorno, Сицилийские оливки, 90&nbsp;г</div> <div class="b-offer__quantity"><!----> 90 г / 777,67 ₽ за кг</div></div> <div class="b-offer__footer"><div class="b-offer__prices"><div title="69,99 ₽" class="b-offer__price-new">69,99 ₽</div> <div title="119,99 ₽" class="b-offer__price-old">119,99 ₽</div> <!----></div> <!----></div></div></div></a><!----><a href="/sankt-peterburg/offers/929c67b5-eee1-5d95-8e11-d55775e793ee?from=%2Fsankt-peterburg%2Fretailers%2F5ka%3Fpage%3D3" class="p-retailer__offer"><div class="b-offer b-offer_disabled_false b-offer_view_default b-offer_is-outdated_false b-offer_is-recipe-drug_false b-offer_is-added-to-cart_false"><!----> <div class="b-offer__root"><div class="b-offer__header"><div class="b-image b-image_disabled_false b-image_cap_s b-image_img_vert b-image_loaded_true b-offer__preview"><div class="b-image__root"><div class="b-image__cap b-image__cap_loading_false"><!----></div><img src="https://leonardo.edadeal.io/dyn/cr/catalyst/offers/cg3qpbemsm7qhr2aqez5ruuh3a.jpg" alt="Конфеты Трюфель молочный, Essen, 100 г со скидкой" class="b-image__img" style=""></div></div> <div class="b-offer__offer-info"><div class="b-offer__badge">-38%</div> <div class="b-offer__dates">По&nbsp;31&nbsp;августа <div title="Пятёрочка" class="b-image b-image_disabled_false b-image_cap_f b-image_img_vert b-image_loaded_true b-offer__retailer-icon"><div class="b-image__root"><div class="b-image__cap b-image__cap_loading_false"><!----></div><img src="https://leonardo.edadeal.io/dyn/re/retailers/images/icons/sq/06c522eb34f54fed99665f69cb0794b7.png" alt="Пятёрочка" class="b-image__img" style=""></div></div></div></div></div> <div class="b-offer__product-info"><div title="" class="b-offer__description">Конфеты Трюфель молочный, Essen, 100&nbsp;г</div> <div class="b-offer__quantity"><!----> 100 г / 469,90 ₽ за кг</div></div> <div class="b-offer__footer"><div class="b-offer__prices"><div title="46,99 ₽" class="b-offer__price-new">46,99 ₽</div> <div title="74,99 ₽" class="b-offer__price-old">74,99 ₽</div> <!----></div> <!----></div></div></div></a><!----><a href="/sankt-peterburg/offers/52dd79a4-d313-5653-869f-8406aaee0121?from=%2Fsankt-peterburg%2Fretailers%2F5ka%3Fpage%3D3" class="p-retailer__offer"><div class="b-offer b-offer_disabled_false b-offer_view_default b-offer_is-outdated_false b-offer_is-recipe-drug_false b-offer_is-added-to-cart_false"><!----> <div class="b-offer__root"><div class="b-offer__header"><div class="b-image b-image_disabled_false b-image_cap_s b-image_img_vert b-image_loaded_true b-offer__preview"><div class="b-image__root"><div class="b-image__cap b-image__cap_loading_false"><!----></div><img src="https://leonardo.edadeal.io/dyn/cr/catalyst/offers/letrm4wsijowz7nawhsfiof7oq.jpg" alt="Риет лососевый, с мягким творогом, Меридиан, 100 г со скидкой" class="b-image__img" style=""></div></div> <div class="b-offer__offer-info"><div class="b-offer__badge">-38%</div> <div class="b-offer__dates">По&nbsp;8&nbsp;августа <div title="Пятёрочка" class="b-image b-image_disabled_false b-image_cap_f b-image_img_vert b-image_loaded_true b-offer__retailer-icon"><div class="b-image__root"><div class="b-image__cap b-image__cap_loading_false"><!----></div><img src="https://leonardo.edadeal.io/dyn/re/retailers/images/icons/sq/06c522eb34f54fed99665f69cb0794b7.png" alt="Пятёрочка" class="b-image__img" style=""></div></div></div></div></div> <div class="b-offer__product-info"><div title="" class="b-offer__description">Риет лососевый, с&nbsp;мягким творогом, Меридиан, 100&nbsp;г</div> <div class="b-offer__quantity"><!----> 100 г / 999,90 ₽ за кг</div></div> <div class="b-offer__footer"><div class="b-offer__prices"><div title="99,99 ₽" class="b-offer__price-new">99,99 ₽</div> <div title="159,99 ₽" class="b-offer__price-old">159,99 ₽</div> <!----></div> <!----></div></div></div></a><!----><a href="/sankt-peterburg/offers/3d0cd695-1e2d-51b2-92c8-46be69a9420b?from=%2Fsankt-peterburg%2Fretailers%2F5ka%3Fpage%3D3" class="p-retailer__offer"><div class="b-offer b-offer_disabled_false b-offer_view_default b-offer_is-outdated_false b-offer_is-recipe-drug_false b-offer_is-added-to-cart_false"><!----> <div class="b-offer__root"><div class="b-offer__header"><div class="b-image b-image_disabled_false b-image_cap_s b-image_img_vert b-image_loaded_true b-offer__preview"><div class="b-image__root"><div class="b-image__cap b-image__cap_loading_false"><!----></div><img src="https://leonardo.edadeal.io/dyn/cr/catalyst/offers/2n6nfyss3czreontp4shyrlkkq.jpg" alt="Чипсы Binggrae, со вкусом краба, 50 г со скидкой" class="b-image__img" style=""></div></div> <div class="b-offer__offer-info"><div class="b-offer__badge">-44%</div> <div class="b-offer__dates">По&nbsp;31&nbsp;августа <div title="Пятёрочка" class="b-image b-image_disabled_false b-image_cap_f b-image_img_vert b-image_loaded_true b-offer__retailer-icon"><div class="b-image__root"><div class="b-image__cap b-image__cap_loading_false"><!----></div><img src="https://leonardo.edadeal.io/dyn/re/retailers/images/icons/sq/06c522eb34f54fed99665f69cb0794b7.png" alt="Пятёрочка" class="b-image__img" style=""></div></div></div></div></div> <div class="b-offer__product-info"><div title="" class="b-offer__description">Чипсы Binggrae, со&nbsp;вкусом краба, 50&nbsp;г</div> <div class="b-offer__quantity"><!----> 50 г / 899,80 ₽ за кг</div></div> <div class="b-offer__footer"><div class="b-offer__prices"><div title="44,99 ₽" class="b-offer__price-new">44,99 ₽</div> <div title="79,99 ₽" class="b-offer__price-old">79,99 ₽</div> <!----></div> <!----></div></div></div></a><!----><a href="/sankt-peterburg/offers/6a8c2428-5d06-533f-937f-7f12886b947d?from=%2Fsankt-peterburg%2Fretailers%2F5ka%3Fpage%3D3" class="p-retailer__offer"><div class="b-offer b-offer_disabled_false b-offer_view_default b-offer_is-outdated_false b-offer_is-recipe-drug_false b-offer_is-added-to-cart_false"><!----> <div class="b-offer__root"><div class="b-offer__header"><div class="b-image b-image_disabled_false b-image_cap_s b-image_img_vert b-image_loaded_true b-offer__preview"><div class="b-image__root"><div class="b-image__cap b-image__cap_loading_false"><!----></div><img src="https://leonardo.edadeal.io/dyn/cr/catalyst/offers/zspyhm4d5xzijlldb6gqejrhye.jpg" alt="Ветчина По-Черкизовски, Черкизово, вареная, 500 г со скидкой" class="b-image__img" style=""></div></div> <div class="b-offer__offer-info"><div class="b-offer__badge">-37%</div> <div class="b-offer__dates">По&nbsp;8&nbsp;августа <div title="Пятёрочка" class="b-image b-image_disabled_false b-image_cap_f b-image_img_vert b-image_loaded_true b-offer__retailer-icon"><div class="b-image__root"><div class="b-image__cap b-image__cap_loading_false"><!----></div><img src="https://leonardo.edadeal.io/dyn/re/retailers/images/icons/sq/06c522eb34f54fed99665f69cb0794b7.png" alt="Пятёрочка" class="b-image__img" style=""></div></div></div></div></div> <div class="b-offer__product-info"><div title="" class="b-offer__description">Ветчина По-Черкизовски, Черкизово, вареная, 500&nbsp;г</div> <div class="b-offer__quantity"><!----> 500 г / 379,98 ₽ за кг</div></div> <div class="b-offer__footer"><div class="b-offer__prices"><div title="189,99 ₽" class="b-offer__price-new">189,99 ₽</div> <div title="299,99 ₽" class="b-offer__price-old">299,99 ₽</div> <!----></div> <!----></div></div></div></a><!----><a href="/sankt-peterburg/offers/79f17f8b-8345-585e-8608-b6e008c453ba?from=%2Fsankt-peterburg%2Fretailers%2F5ka%3Fpage%3D3" class="p-retailer__offer"><div class="b-offer b-offer_disabled_false b-offer_view_default b-offer_is-outdated_false b-offer_is-recipe-drug_false b-offer_is-added-to-cart_false"><!----> <div class="b-offer__root"><div class="b-offer__header"><div class="b-image b-image_disabled_false b-image_cap_s b-image_img_vert b-image_loaded_true b-offer__preview"><div class="b-image__root"><div class="b-image__cap b-image__cap_loading_false"><!----></div><img src="https://leonardo.edadeal.io/dyn/cr/catalyst/offers/p5z4odf5lezfmgim3v567dw6ri.jpg" alt="Конфеты Красная Шапочка, Красный Октябрь, 100 г со скидкой" class="b-image__img" style=""></div></div> <div class="b-offer__offer-info"><div class="b-offer__badge">-44%</div> <div class="b-offer__dates">По&nbsp;31&nbsp;августа <div title="Пятёрочка" class="b-image b-image_disabled_false b-image_cap_f b-image_img_vert b-image_loaded_true b-offer__retailer-icon"><div class="b-image__root"><div class="b-image__cap b-image__cap_loading_false"><!----></div><img src="https://leonardo.edadeal.io/dyn/re/retailers/images/icons/sq/06c522eb34f54fed99665f69cb0794b7.png" alt="Пятёрочка" class="b-image__img" style=""></div></div></div></div></div> <div class="b-offer__product-info"><div title="" class="b-offer__description">Конфеты Красная Шапочка, Красный Октябрь, 100&nbsp;г</div> <div class="b-offer__quantity"><!----> 100 г / 679,90 ₽ за кг</div></div> <div class="b-offer__footer"><div class="b-offer__prices"><div title="67,99 ₽" class="b-offer__price-new">67,99 ₽</div> <div title="119,99 ₽" class="b-offer__price-old">119,99 ₽</div> <!----></div> <!----></div></div></div></a><!----><a href="/sankt-peterburg/offers/bd3aba6a-55ce-58d6-bd55-d14329d7c8a9?from=%2Fsankt-peterburg%2Fretailers%2F5ka%3Fpage%3D3" class="p-retailer__offer"><div class="b-offer b-offer_disabled_false b-offer_view_default b-offer_is-outdated_false b-offer_is-recipe-drug_false b-offer_is-added-to-cart_false"><!----> <div class="b-offer__root"><div class="b-offer__header"><div class="b-image b-image_disabled_false b-image_cap_s b-image_img_vert b-image_loaded_true b-offer__preview"><div class="b-image__root"><div class="b-image__cap b-image__cap_loading_false"><!----></div><img src="https://leonardo.edadeal.io/dyn/cr/catalyst/offers/lpwxhqx7pmjegynzmpuxmq2mtu.jpg" alt="Конфеты Азовская на сливках, молочные, 100 г со скидкой" class="b-image__img" style=""></div></div> <div class="b-offer__offer-info"><div class="b-offer__badge">-42%</div> <div class="b-offer__dates">По&nbsp;8&nbsp;августа <div title="Пятёрочка" class="b-image b-image_disabled_false b-image_cap_f b-image_img_vert b-image_loaded_true b-offer__retailer-icon"><div class="b-image__root"><div class="b-image__cap b-image__cap_loading_false"><!----></div><img src="https://leonardo.edadeal.io/dyn/re/retailers/images/icons/sq/06c522eb34f54fed99665f69cb0794b7.png" alt="Пятёрочка" class="b-image__img" style=""></div></div></div></div></div> <div class="b-offer__product-info"><div title="" class="b-offer__description">Конфеты Азовская на&nbsp;сливках, молочные, 100&nbsp;г</div> <div class="b-offer__quantity"><!----> 100 г / 279,90 ₽ за кг</div></div> <div class="b-offer__footer"><div class="b-offer__prices"><div title="27,99 ₽" class="b-offer__price-new">27,99 ₽</div> <div title="47,99 ₽" class="b-offer__price-old">47,99 ₽</div> <!----></div> <!----></div></div></div></a><div id="offers_cards_place" class="p-retailer__rtb-block p-retailer__rtb-block_type_offers_cards"><div id="rtb-R-I-338751-8-4-cfc376f0fe406" class="rtb-output-1def1a5ba5195a"><div></div></div></div><a href="/sankt-peterburg/offers/c0e233ed-db90-5d40-879d-ed4706759cd3?from=%2Fsankt-peterburg%2Fretailers%2F5ka%3Fpage%3D3" class="p-retailer__offer"><div class="b-offer b-offer_disabled_false b-offer_view_default b-offer_is-outdated_false b-offer_is-recipe-drug_false b-offer_is-added-to-cart_false"><!----> <div class="b-offer__root"><div class="b-offer__header"><div class="b-image b-image_disabled_false b-image_cap_s b-image_img_vert b-image_loaded_true b-offer__preview"><div class="b-image__root"><div class="b-image__cap b-image__cap_loading_false"><!----></div><img src="https://leonardo.edadeal.io/dyn/cr/catalyst/offers/46fff263rkml7lrux2incb6pmu.jpg" alt="Сироп Купецкий Дом Посадъ, из топинамбура с брусникой, 330 г со скидкой" class="b-image__img" style=""></div></div> <div class="b-offer__offer-info"><div class="b-offer__badge">-39%</div> <div class="b-offer__dates">По&nbsp;31&nbsp;августа <div title="Пятёрочка" class="b-image b-image_disabled_false b-image_cap_f b-image_img_vert b-image_loaded_true b-offer__retailer-icon"><div class="b-image__root"><div class="b-image__cap b-image__cap_loading_false"><!----></div><img src="https://leonardo.edadeal.io/dyn/re/retailers/images/icons/sq/06c522eb34f54fed99665f69cb0794b7.png" alt="Пятёрочка" class="b-image__img" style=""></div></div></div></div></div> <div class="b-offer__product-info"><div title="" class="b-offer__description">Сироп Купецкий Дом Посадъ, из&nbsp;топинамбура с&nbsp;брусникой, 330&nbsp;г</div> <div class="b-offer__quantity"><!----> 330 г / 499,97 ₽ за кг</div></div> <div class="b-offer__footer"><div class="b-offer__prices"><div title="164,99 ₽" class="b-offer__price-new">164,99 ₽</div> <div title="268,59 ₽" class="b-offer__price-old">268,59 ₽</div> <!----></div> <!----></div></div></div></a><!----><a href="/sankt-peterburg/offers/c21144e6-54e8-512a-826c-5c0382f5400a?from=%2Fsankt-peterburg%2Fretailers%2F5ka%3Fpage%3D3" class="p-retailer__offer"><div class="b-offer b-offer_disabled_false b-offer_view_default b-offer_is-outdated_false b-offer_is-recipe-drug_false b-offer_is-added-to-cart_false"><!----> <div class="b-offer__root"><div class="b-offer__header"><div class="b-image b-image_disabled_false b-image_cap_s b-image_img_vert b-image_loaded_true b-offer__preview"><div class="b-image__root"><div class="b-image__cap b-image__cap_loading_false"><!----></div><img src="https://leonardo.edadeal.io/dyn/cr/catalyst/offers/gnb6ugjbybuuwi3zfp6vzwn7pq.jpg" alt="Бальзам-ополаскиватель для волос Чистая Линия, укрепляющий, 380 мл со скидкой" class="b-image__img" style=""></div></div> <div class="b-offer__offer-info"><div class="b-offer__badge">-36%</div> <div class="b-offer__dates">По&nbsp;31&nbsp;августа <div title="Пятёрочка" class="b-image b-image_disabled_false b-image_cap_f b-image_img_vert b-image_loaded_true b-offer__retailer-icon"><div class="b-image__root"><div class="b-image__cap b-image__cap_loading_false"><!----></div><img src="https://leonardo.edadeal.io/dyn/re/retailers/images/icons/sq/06c522eb34f54fed99665f69cb0794b7.png" alt="Пятёрочка" class="b-image__img" style=""></div></div></div></div></div> <div class="b-offer__product-info"><div title="Бальзам-ополаскиватель для волос Чистая Линия, укрепляющий, 380 мл" class="b-offer__description">Бальзам-ополаскиватель для волос Чистая Линия, укрепляющий,…</div> <div class="b-offer__quantity"><!----> 380 мл / 342,08 ₽ за л</div></div> <div class="b-offer__footer"><div class="b-offer__prices"><div title="129,99 ₽" class="b-offer__price-new">129,99 ₽</div> <div title="199,99 ₽" class="b-offer__price-old">199,99 ₽</div> <!----></div> <!----></div></div></div></a><!----><a href="/sankt-peterburg/offers/677f4ecc-53a3-5a70-80bf-8b9d94c91d2f?from=%2Fsankt-peterburg%2Fretailers%2F5ka%3Fpage%3D3" class="p-retailer__offer"><div class="b-offer b-offer_disabled_false b-offer_view_default b-offer_is-outdated_false b-offer_is-recipe-drug_false b-offer_is-added-to-cart_false"><!----> <div class="b-offer__root"><div class="b-offer__header"><div class="b-image b-image_disabled_false b-image_cap_s b-image_img_vert b-image_loaded_true b-offer__preview"><div class="b-image__root"><div class="b-image__cap b-image__cap_loading_false"><!----></div><img src="https://leonardo.edadeal.io/dyn/cr/catalyst/offers/tse2zjb3bzzq7lpqaa74ct4cam.jpg" alt="Бальзам-ополаскиватель для волос Чистая Линия, питание и уход, 380 мл со скидкой" class="b-image__img" style=""></div></div> <div class="b-offer__offer-info"><div class="b-offer__badge">-36%</div> <div class="b-offer__dates">По&nbsp;31&nbsp;августа <div title="Пятёрочка" class="b-image b-image_disabled_false b-image_cap_f b-image_img_vert b-image_loaded_true b-offer__retailer-icon"><div class="b-image__root"><div class="b-image__cap b-image__cap_loading_false"><!----></div><img src="https://leonardo.edadeal.io/dyn/re/retailers/images/icons/sq/06c522eb34f54fed99665f69cb0794b7.png" alt="Пятёрочка" class="b-image__img" style=""></div></div></div></div></div> <div class="b-offer__product-info"><div title="Бальзам-ополаскиватель для волос Чистая Линия, питание и уход, 380 мл" class="b-offer__description">Бальзам-ополаскиватель для волос Чистая Линия, питание…</div> <div class="b-offer__quantity"><!----> 380 мл / 342,08 ₽ за л</div></div> <div class="b-offer__footer"><div class="b-offer__prices"><div title="129,99 ₽" class="b-offer__price-new">129,99 ₽</div> <div title="199,99 ₽" class="b-offer__price-old">199,99 ₽</div> <!----></div> <!----></div></div></div></a><!----><a href="/sankt-peterburg/offers/c9c4796f-f028-54db-baea-f4028261489b?from=%2Fsankt-peterburg%2Fretailers%2F5ka%3Fpage%3D3" class="p-retailer__offer"><div class="b-offer b-offer_disabled_false b-offer_view_default b-offer_is-outdated_false b-offer_is-recipe-drug_false b-offer_is-added-to-cart_false"><!----> <div class="b-offer__root"><div class="b-offer__header"><div class="b-image b-image_disabled_false b-image_cap_s b-image_img_vert b-image_loaded_true b-offer__preview"><div class="b-image__root"><div class="b-image__cap b-image__cap_loading_false"><!----></div><img src="https://leonardo.edadeal.io/dyn/cr/catalyst/offers/2s5gaef4n7bmr6ktunp7dzuohm.jpg" alt="Бальзам-ополаскиватель для волос Чистая Линия, объем и сила, 380 мл со скидкой" class="b-image__img" style=""></div></div> <div class="b-offer__offer-info"><div class="b-offer__badge">-36%</div> <div class="b-offer__dates">По&nbsp;31&nbsp;августа <div title="Пятёрочка" class="b-image b-image_disabled_false b-image_cap_f b-image_img_vert b-image_loaded_true b-offer__retailer-icon"><div class="b-image__root"><div class="b-image__cap b-image__cap_loading_false"><!----></div><img src="https://leonardo.edadeal.io/dyn/re/retailers/images/icons/sq/06c522eb34f54fed99665f69cb0794b7.png" alt="Пятёрочка" class="b-image__img" style=""></div></div></div></div></div> <div class="b-offer__product-info"><div title="Бальзам-ополаскиватель для волос Чистая Линия, объем и сила, 380 мл" class="b-offer__description">Бальзам-ополаскиватель для волос Чистая Линия, объем и&nbsp;сила,…</div> <div class="b-offer__quantity"><!----> 380 мл / 342,08 ₽ за л</div></div> <div class="b-offer__footer"><div class="b-offer__prices"><div title="129,99 ₽" class="b-offer__price-new">129,99 ₽</div> <div title="199,99 ₽" class="b-offer__price-old">199,99 ₽</div> <!----></div> <!----></div></div></div></a><!----><a href="/sankt-peterburg/offers/3a5850d9-ecfa-5ca9-afe4-68a524625f30?from=%2Fsankt-peterburg%2Fretailers%2F5ka%3Fpage%3D3" class="p-retailer__offer"><div class="b-offer b-offer_disabled_false b-offer_view_default b-offer_is-outdated_false b-offer_is-recipe-drug_false b-offer_is-added-to-cart_false"><!----> <div class="b-offer__root"><div class="b-offer__header"><div class="b-image b-image_disabled_false b-image_cap_s b-image_img_vert b-image_loaded_true b-offer__preview"><div class="b-image__root"><div class="b-image__cap b-image__cap_loading_false"><!----></div><img src="https://leonardo.edadeal.io/dyn/cr/catalyst/offers/t7y3laxi5reczpkh2bbki3utui.jpg" alt="Конфеты Мишаня, с ирисом, Konti, 100 г со скидкой" class="b-image__img" style=""></div></div> <div class="b-offer__offer-info"><div class="b-offer__badge">-37%</div> <div class="b-offer__dates">По&nbsp;31&nbsp;августа <div title="Пятёрочка" class="b-image b-image_disabled_false b-image_cap_f b-image_img_vert b-image_loaded_true b-offer__retailer-icon"><div class="b-image__root"><div class="b-image__cap b-image__cap_loading_false"><!----></div><img src="https://leonardo.edadeal.io/dyn/re/retailers/images/icons/sq/06c522eb34f54fed99665f69cb0794b7.png" alt="Пятёрочка" class="b-image__img" style=""></div></div></div></div></div> <div class="b-offer__product-info"><div title="" class="b-offer__description">Конфеты Мишаня, с&nbsp;ирисом, Konti, 100&nbsp;г</div> <div class="b-offer__quantity"><!----> 100 г / 359,90 ₽ за кг</div></div> <div class="b-offer__footer"><div class="b-offer__prices"><div title="35,99 ₽" class="b-offer__price-new">35,99 ₽</div> <div title="56,99 ₽" class="b-offer__price-old">56,99 ₽</div> <!----></div> <!----></div></div></div></a><!----><a href="/sankt-peterburg/offers/23514431-1b50-5a33-b18c-c6105b815c4e?from=%2Fsankt-peterburg%2Fretailers%2F5ka%3Fpage%3D3" class="p-retailer__offer"><div class="b-offer b-offer_disabled_false b-offer_view_default b-offer_is-outdated_false b-offer_is-recipe-drug_false b-offer_is-added-to-cart_false"><!----> <div class="b-offer__root"><div class="b-offer__header"><div class="b-image b-image_disabled_false b-image_cap_s b-image_img_vert b-image_loaded_true b-offer__preview"><div class="b-image__root"><div class="b-image__cap b-image__cap_loading_false"><!----></div><img src="https://leonardo.edadeal.io/dyn/cr/catalyst/offers/j6lqclvhjig5uz223lqymbyjye.jpg" alt="Чай Акбар Ceylon, черный, 100х2 г со скидкой" class="b-image__img" style=""></div></div> <div class="b-offer__offer-info"><div class="b-offer__badge">-46%</div> <div class="b-offer__dates">По&nbsp;31&nbsp;августа <div title="Пятёрочка" class="b-image b-image_disabled_false b-image_cap_f b-image_img_vert b-image_loaded_true b-offer__retailer-icon"><div class="b-image__root"><div class="b-image__cap b-image__cap_loading_false"><!----></div><img src="https://leonardo.edadeal.io/dyn/re/retailers/images/icons/sq/06c522eb34f54fed99665f69cb0794b7.png" alt="Пятёрочка" class="b-image__img" style=""></div></div></div></div></div> <div class="b-offer__product-info"><div title="" class="b-offer__description">Чай Акбар Ceylon, черный, 100×2 г</div> <div class="b-offer__quantity"><!----> 100 шт / 2,20 ₽ за шт</div></div> <div class="b-offer__footer"><div class="b-offer__prices"><div title="219,99 ₽" class="b-offer__price-new">219,99 ₽</div> <div title="399,99 ₽" class="b-offer__price-old">399,99 ₽</div> <!----></div> <!----></div></div></div></a> <!----></div><!----></div> <div class="b-pagination b-pagination_disabled_false b-pagination_overflow_true p-retailer__pagination"><div class="b-pagination__root"><div class="b-pagination__pages"><!----> <!----> <!----><div class="b-button b-button_disabled_false b-button_theme_blank b-button_shape_square b-button_size_m b-button_justify_center b-button_selected_false b-pagination__n"><a href="/sankt-peterburg/retailers/5ka" class="b-button__root"><!----> <div class="b-button__content">1</div> <!----></a></div><div class="b-button b-button_disabled_false b-button_theme_blank b-button_shape_square b-button_size_m b-button_justify_center b-button_selected_false b-pagination__n"><a href="/sankt-peterburg/retailers/5ka?page=2" class="b-button__root"><!----> <div class="b-button__content">2</div> <!----></a></div><div class="b-button b-button_disabled_false b-button_theme_blank b-button_shape_square b-button_size_m b-button_justify_center b-button_selected_true b-pagination__n"><a href="/sankt-peterburg/retailers/5ka?page=3" class="b-button__root"><!----> <div class="b-button__content">3</div> <!----></a></div><div class="b-button b-button_disabled_false b-button_theme_blank b-button_shape_square b-button_size_m b-button_justify_center b-button_selected_false b-pagination__n"><a href="/sankt-peterburg/retailers/5ka?page=4" class="b-button__root"><!----> <div class="b-button__content">4</div> <!----></a></div><div class="b-button b-button_disabled_false b-button_theme_blank b-button_shape_square b-button_size_m b-button_justify_center b-button_selected_false b-pagination__n"><a href="/sankt-peterburg/retailers/5ka?page=5" class="b-button__root"><!----> <div class="b-button__content">5</div> <!----></a></div><div class="b-button b-button_disabled_false b-button_theme_blank b-button_shape_square b-button_size_m b-button_justify_center b-button_selected_false b-pagination__n"><a href="/sankt-peterburg/retailers/5ka?page=6" class="b-button__root"><!----> <div class="b-button__content">6</div> <!----></a></div><div class="b-button b-button_disabled_false b-button_theme_blank b-button_shape_square b-button_size_m b-button_justify_center b-button_selected_false b-pagination__n"><a href="/sankt-peterburg/retailers/5ka?page=7" class="b-button__root"><!----> <div class="b-button__content">7</div> <!----></a></div> <div class="b-pagination__dummy">…  </div><!----> <div class="b-button b-button_disabled_false b-button_theme_blank b-button_shape_square b-button_size_m b-button_justify_center b-button_selected_false b-pagination__n"><a href="/sankt-peterburg/retailers/5ka?page=30" class="b-button__root"><!----> <div class="b-button__content">30</div> <!----></a></div></div> <div class="b-button b-button_disabled_false b-button_theme_blank b-button_shape_default b-button_size_m b-button_justify_start b-button_selected_false b-pagination__next"><a href="/sankt-peterburg/retailers/5ka?page=4" class="b-button__root"><!----> <div class="b-button__content">Вперед →</div> <!----></a></div></div></div> <div id="pagination_place" class="p-retailer__rtb-block p-retailer__rtb-block_type_pagination" style="height: auto;"><div id="rtb-R-I-338751-1-5-177e37bc37d6e6" class="rtb-output-1def1a5ba5195a"><div></div></div></div></div><div class="p-retailer__sub-column"><!----> <div class="p-retailer__rtb"><div id="sidebar_middle_place" class="p-retailer__rtb-block p-retailer__rtb-block_type_sidebar_middle"><div id="rtb-R-I-338751-5-1-11e0f69efdd349" class="rtb-output-1def1a5ba5195a"><yatag class="h36bd0a9a v60329a88"><style type="text/css">.v60329a88{opacity: !important;white-space:normal !important;visibility:visible !important}.v60329a88,.v60329a88 yatag{display:block !important;font-family:inherit !important}.v60329a88,.v60329a88,.v60329a88 a,.v60329a88 b,.v60329a88 em,.v60329a88 iframe,.v60329a88 img,.v60329a88 table,.v60329a88 tbody,.v60329a88 td,.v60329a88 tr,.v60329a88 yatag{-webkit-box-sizing:content-box !important;box-sizing:content-box !important;color:inherit !important;font-size:inherit !important;font-weight:inherit !important;-webkit-hyphens:manual !important;-ms-hyphens:manual !important;hyphens:manual !important;-webkit-transition:none !important;-o-transition:none !important;transition:none !important}.v60329a88,.v60329a88 a,.v60329a88 b,.v60329a88 em,.v60329a88 iframe,.v60329a88 img,.v60329a88 table,.v60329a88 tbody,.v60329a88 td,.v60329a88 tr{background:none !important;border:none !important;border-radius:0 !important;border-spacing:0 !important;border-collapse:collapse !important;clear:none !important;float:none !important;font-variant:normal !important;letter-spacing:normal !important;line-height:normal !important;margin:0 !important;max-height:none !important;max-width:none !important;min-height:0 !important;min-width:0 !important;outline:none !important;padding:0 !important;position:static !important;text-align:left !important;text-decoration:none !important;text-indent:0 !important;text-transform:none !important;vertical-align:baseline !important;visibility:inherit !important;word-spacing:normal !important}.v60329a88,.v60329a88 a,.v60329a88 b,.v60329a88 em,.v60329a88 img,.v60329a88 table,.v60329a88 tbody,.v60329a88 td,.v60329a88 tr{height:auto !important}.v60329a88 table{display:table !important;empty-cells:hide !important;table-layout:fixed !important}.v60329a88 table,.v60329a88 td{font-size:100% !important}.v60329a88 td{display:table-cell !important;vertical-align:middle !important}.v60329a88{width:auto !important;height:auto !important;overflow:visible !important}.v60329a88 .e21519817{position:relative !important;margin:auto !important;display:-webkit-box !important;display:-ms-flexbox !important;display:flex !important;-webkit-box-pack:center !important;-ms-flex-pack:center !important;justify-content:center !important;-webkit-box-align:center !important;-ms-flex-align:center !important;align-items:center !important;overflow:hidden !important}.v60329a88 .o942ed237{padding:10px 16px 86px !important}.v60329a88 .q29ee3838,.v60329a88 .w867c239a{position:absolute !important;z-index:1 !important;top:0 !important;left:0 !important;right:0 !important;bottom:0 !important;width:100% !important;height:100% !important;display:none !important}.v60329a88 .b7f1d569f{width:100% !important;height:100% !important;position:absolute !important;pointer-events:none !important}.v60329a88 .e74783a50{position:relative !important;z-index:2 !important}.v60329a88 .l9381b27{position:relative !important;top:0 !important;left:0 !important;width:100% !important;height:100% !important;-webkit-transform-origin:0 0 !important;transform-origin:0 0 !important}.v60329a88 .l9381b27 iframe{position:absolute !important;top:0 !important;left:0 !important;width:100% !important;height:100% !important}.v60329a88 .ecafee6f8{position:absolute !important;width:100% !important;right:0 !important;top:0 !important;z-index:20 !important}.v60329a88 .vae5eeae0{position:absolute !important;z-index:21 !important;top:0 !important;left:0 !important;width:100% !important;height:100% !important}.v60329a88 .b3adc0a12{position:absolute !important;top:0 !important;left:0 !important;z-index:10 !important;height:16px !important;padding:0 4px !important;font-size:11px !important;line-height:16px !important;color:#000 !important;text-decoration:none !important;background:#fff !important;border:1px solid #e5e5e5 !important;border-bottom-right-radius:3px !important;cursor:pointer !important}.v60329a88 .he0a3a1d6{border:1px solid #303050 !important}.v60329a88 .p4be3832{max-width:100% !important;max-height:100% !important}.v60329a88 .p4be3832 .q29ee3838,.v60329a88 .p4be3832 .w867c239a{display:block !important}.v60329a88 .p4be3832 .w867c239a{-webkit-filter:blur(10px) saturate(0) contrast(400%) !important;filter:blur(10px) saturate(0) contrast(400%) !important}.v60329a88 .p4be3832 .q29ee3838{background-color:rgba(38,38,38,.9) !important}.v60329a88 .j522bab94{-webkit-box-pack:start !important;-ms-flex-pack:start !important;justify-content:flex-start !important}.v60329a88 .j66789620,.v60329a88 .s6c332f48{visibility:hidden !important;opacity:0 !important}.v60329a88 .s6c332f48{max-width:1px !important;max-height:1px !important}.v60329a88 .id641612{position:absolute !important;bottom:20px !important;left:16px !important;right:16px !important;z-index:3 !important;display:-webkit-box !important;display:-ms-flexbox !important;display:flex !important}@media (orientation:landscape){.v60329a88 .id641612{margin:0 auto !important;width:260px !important}}.v60329a88 .n2f69a781{height:48px !important;line-height:48px !important;font-size:16px !important;border-radius:8px !important;text-align:center !important;font-weight:700 !important;-ms-flex-item-align:stretch !important;align-self:stretch !important;padding:0 20px !important;white-space:nowrap !important;min-width:0 !important}.v60329a88 .uddb4423a{background:-webkit-gradient(linear,left top,left bottom,from(#efefef),to(#e5e5e5)) !important;background:-o-linear-gradient(top,#efefef 0,#e5e5e5 100%) !important;background:linear-gradient(180deg,#efefef,#e5e5e5) !important;margin-right:8px !important;-webkit-box-flex:2 !important;-ms-flex:2 1 !important;flex:2 1 !important}.v60329a88 .ofad6c5e4{background:-webkit-gradient(linear,left top,right top,color-stop(-40%,#f60),color-stop(20%,rgba(255,102,0,0))),-webkit-gradient(linear,right top,left top,color-stop(-40%,#f60),color-stop(20%,rgba(255,102,0,0))),-webkit-gradient(linear,left bottom,left top,color-stop(-80%,#f60),color-stop(80%,#fd0)) !important;background:-o-linear-gradient(left,#f60 -40%,rgba(255,102,0,0) 20%),-o-linear-gradient(right,#f60 -40%,rgba(255,102,0,0) 20%),-o-linear-gradient(bottom,#f60 -80%,#fd0 80%) !important;background:linear-gradient(90deg,#f60 -40%,rgba(255,102,0,0) 20%),linear-gradient(270deg,#f60 -40%,rgba(255,102,0,0) 20%),linear-gradient(0deg,#f60 -80%,#fd0 80%) !important;-webkit-box-flex:3 !important;-ms-flex:3 1 !important;flex:3 1 !important}.v60329a88 .k24d7cd0e{display:inline-block !important;margin-left:8px !important}.v60329a88 .kf2576b27{position:absolute !important;left:-1000px !important;top:-1000px !important;width:1px !important;height:1px !important;display:block !important}.v60329a88 .w56345d29{cursor:pointer !important;position:absolute !important;right:4px !important;top:4px !important;z-index:10 !important}.v60329a88 .uf6f4f67c.w56345d29{display:-webkit-box !important;display:-ms-flexbox !important;display:flex !important;-webkit-box-align:center !important;-ms-flex-align:center !important;align-items:center !important;-webkit-box-pack:center !important;-ms-flex-pack:center !important;justify-content:center !important;pointer-events:auto !important;border-radius:50% !important;-webkit-user-select:none !important;-moz-user-select:none !important;-ms-user-select:none !important;user-select:none !important;-webkit-tap-highlight-color:transparent !important}.v60329a88 .uf6f4f67c.w56345d29:before{content:"" !important;position:absolute !important;top:-4px !important;left:50% !important;-webkit-transform:translateX(-50%) !important;transform:translateX(-50%) !important}.v60329a88 .uf6f4f67c.w56345d29:hover .r280c7819{opacity:.8 !important}.v60329a88 .uf6f4f67c.w56345d29.r8e22e7d2 .r280c7819{background-color:#fff !important;opacity:.8 !important}.v60329a88 .uf6f4f67c.w56345d29.r8e22e7d2 .rcc8bb157 svg{fill:#575c66 !important}.v60329a88 .uf6f4f67c.w56345d29.h9b77634a .r280c7819,.v60329a88 .uf6f4f67c.w56345d29.ic8e0b828 .r280c7819{background:none !important}.v60329a88 .uf6f4f67c.w56345d29.h9b77634a:hover{background-color:#e9e9e9 !important}.v60329a88 .uf6f4f67c.w56345d29.h9b77634a .rcc8bb157 svg{fill:#242526 !important}.v60329a88 .uf6f4f67c.w56345d29.h9b77634a .n520366b{color:#242526 !important}.v60329a88 .uf6f4f67c.w56345d29.ic8e0b828:hover{background-color:rgba(248,250,255,.2) !important}.v60329a88 .uf6f4f67c.w56345d29.ic8e0b828 .rcc8bb157 svg{fill:#fff !important}.v60329a88 .uf6f4f67c.w56345d29.ic8e0b828 .n520366b{color:#fff !important}.v60329a88 .uf6f4f67c.id542e1c7{width:12px !important;height:12px !important}.v60329a88 .uf6f4f67c.id542e1c7:before{width:28px !important;height:28px !important}.v60329a88 .uf6f4f67c.id542e1c7 .rcc8bb157{-webkit-transform:scale(.6) !important;transform:scale(.6) !important}.v60329a88 .uf6f4f67c.qd3eeaa7f{width:16px !important;height:16px !important}.v60329a88 .uf6f4f67c.qd3eeaa7f:before{width:32px !important;height:32px !important}.v60329a88 .uf6f4f67c.qd3eeaa7f .rcc8bb157{-webkit-transform:scale(.8) !important;transform:scale(.8) !important}.v60329a88 .uf6f4f67c.v8a568b21{width:24px !important;height:24px !important}.v60329a88 .uf6f4f67c.v8a568b21:before{width:42px !important;height:42px !important}.v60329a88 .uf6f4f67c.e6b22fd00{width:28px !important;height:28px !important}.v60329a88 .uf6f4f67c.e6b22fd00:before{width:42px !important;height:42px !important}.v60329a88 .uf6f4f67c.j5c1bd958{width:32px !important;height:32px !important}.v60329a88 .uf6f4f67c.j5c1bd958:before{width:48px !important;height:48px !important}.v60329a88 .r280c7819{height:100% !important;width:100% !important;position:absolute !important;top:0 !important;left:0 !important;z-index:-1 !important;border-radius:inherit !important;-webkit-transition:opacity .15s !important;-o-transition:opacity .15s !important;transition:opacity .15s !important;-webkit-transition:background-color .5s ease-in-out !important;-o-transition:background-color .5s ease-in-out !important;transition:background-color .5s ease-in-out !important}.v60329a88 .r280c7819.b292efad6{background:rgba(26,43,77,.4) !important;color:#fff !important}.v60329a88 .r280c7819.b292efad6:hover{opacity:.5 !important}.v60329a88 .r280c7819.f45a9be34{background:hsla(0,0%,100%,.8) !important;color:#3a3c40 !important}.v60329a88 .r280c7819.f45a9be34:hover{opacity:.9 !important}.v60329a88 .r280c7819.j76402753{background:none !important}.v60329a88 .uf6f4f67c .rcc8bb157{display:-webkit-box !important;display:-ms-flexbox !important;display:flex !important;-webkit-box-align:center !important;-ms-flex-align:center !important;align-items:center !important;-webkit-box-pack:center !important;-ms-flex-pack:center !important;justify-content:center !important;pointer-events:none !important}.v60329a88 .uf6f4f67c .rcc8bb157.b292efad6 svg{fill:#fff !important}.v60329a88 .uf6f4f67c .rcc8bb157.b292efad6 svg,.v60329a88 .uf6f4f67c .rcc8bb157.f45a9be34 svg{-webkit-transition:fill .5s ease-in-out !important;-o-transition:fill .5s ease-in-out !important;transition:fill .5s ease-in-out !important}.v60329a88 .uf6f4f67c .rcc8bb157.f45a9be34 svg{fill:#242526 !important}.v60329a88 .n520366b{display:-webkit-box !important;display:-ms-flexbox !important;display:flex !important;-webkit-box-align:center !important;-ms-flex-align:center !important;align-items:center !important;-webkit-box-pack:center !important;-ms-flex-pack:center !important;justify-content:center !important;pointer-events:none !important}.v60329a88 .n520366b.b292efad6{color:#fff !important}.v60329a88 .n520366b.f45a9be34{color:#242526 !important}@-webkit-keyframes f6cf41f39{0%,to{opacity:0 !important;visibility:hidden !important}4%,96%{visibility:visible !important;opacity:1 !important}}@keyframes f6cf41f39{0%,to{opacity:0 !important;visibility:hidden !important}4%,96%{visibility:visible !important;opacity:1 !important}}@media (hover:hover) and (pointer:fine){.v60329a88 .se98c27d8:hover .m6ff44f03{opacity:0 !important;visibility:hidden !important}.v60329a88 .se98c27d8:hover .f52914a36{visibility:visible !important;opacity:1 !important}.v60329a88 .se98c27d8[data-active]:hover .f52914a36{opacity:0 !important;visibility:hidden !important}.v60329a88 .se98c27d8[data-active]:hover .m6ff44f03{visibility:visible !important;opacity:1 !important}}.v60329a88 .se98c27d8.i9af3c68{right:45px !important}.v60329a88 .se98c27d8.i9af3c68 .p66bbe2c3.m6ff44f03{-webkit-transform:translateX(41px) !important;transform:translateX(41px) !important}.v60329a88 .se98c27d8.i9af3c68 .p66bbe2c3.m6ff44f03 .ha944f37a{-webkit-transform:translateX(-43px) !important;transform:translateX(-43px) !important}.v60329a88 .se98c27d8{right:36px !important;width:32px !important}.v60329a88 .se98c27d8[data-active] svg{color:#ee4f4f !important;fill:#ee4f4f !important}.v60329a88 .se98c27d8[data-active] .m6ff44f03{-webkit-animation:f6cf41f39 8s linear !important;animation:f6cf41f39 8s linear !important}.v60329a88 .se98c27d8 .p66bbe2c3{position:absolute !important;color:#fff !important;opacity:0 !important;visibility:hidden !important;white-space:nowrap !important;top:29px !important;right:50% !important;-webkit-transform:translateX(50%) !important;transform:translateX(50%) !important;background:#343334 !important;border-radius:6px !important;padding:0 8px !important;height:24px !important;line-height:24px !important;font-size:11px !important;-webkit-transition:all .2s !important;-o-transition:all .2s !important;transition:all .2s !important}.v60329a88 .se98c27d8 .p66bbe2c3.m6ff44f03{-webkit-transform:translateX(32px) !important;transform:translateX(32px) !important;right:0 !important}.v60329a88 .se98c27d8 .p66bbe2c3.m6ff44f03 .ha944f37a{right:0 !important;-webkit-transform:translateX(-34px) !important;transform:translateX(-34px) !important}.v60329a88 .se98c27d8 .p66bbe2c3 .acea5627e{font-size:11px !important}.v60329a88 .se98c27d8 .p66bbe2c3 .ha944f37a{width:28px !important;height:8px !important;position:absolute !important;top:-6px !important;right:50% !important;-webkit-transform:translateX(50%) !important;transform:translateX(50%) !important;display:-webkit-box !important;display:-ms-flexbox !important;display:flex !important;-webkit-box-align:center !important;-ms-flex-align:center !important;align-items:center !important;-webkit-box-pack:center !important;-ms-flex-pack:center !important;justify-content:center !important}.v60329a88 .se98c27d8 .p66bbe2c3 .p2bfb0763{color:#ffd400 !important;text-decoration:none !important;text-transform:lowercase !important}.v60329a88 .sb7df4850{margin-left:2px !important;pointer-events:auto !important;font-family:inherit !important;position:relative !important;-ms-flex-item-align:center !important;align-self:center !important}.v60329a88 .wf74a9075{display:-webkit-box !important;display:-ms-flexbox !important;display:flex !important;-webkit-box-align:center !important;-ms-flex-align:center !important;align-items:center !important;cursor:pointer !important;position:absolute !important;left:4px !important;top:4px !important;z-index:10 !important;font-family:Helvetica,Arial,sans-serif !important;white-space:nowrap !important;height:12px !important;line-height:normal !important;-webkit-box-sizing:border-box !important;box-sizing:border-box !important;padding:0 4px !important;color:hsla(0,0%,100%,.8) !important;border-radius:16px !important;font-size:8px !important;text-transform:uppercase !important;letter-spacing:.125em !important;pointer-events:none !important;-webkit-transition:color .5s ease-in-out !important;-o-transition:color .5s ease-in-out !important;transition:color .5s ease-in-out !important}.v60329a88 .wf74a9075,.v60329a88 .wf74a9075>a{text-decoration:none !important}.v60329a88 .wf74a9075>a{color:inherit !important}.v60329a88 .wf74a9075.r8e22e7d2{color:#575c66 !important;background-color:#fff !important;opacity:.8 !important}.v60329a88 .wf74a9075.h9b77634a,.v60329a88 .wf74a9075.f45a9be34{color:#3a3c40 !important}.v60329a88 .wf74a9075.f45a9be34{background:hsla(0,0%,100%,.8) !important}.v60329a88 .wf74a9075.b292efad6,.v60329a88 .wf74a9075.ic8e0b828{color:#fff !important}.v60329a88 .wf74a9075.b292efad6{background:rgba(26,43,77,.4) !important}.v60329a88 .wf74a9075.b4e81ad15,.v60329a88 .wf74a9075.a84627c29{top:auto !important;left:auto !important;right:0 !important;bottom:0 !important;background:none !important;text-shadow:none !important;font-size:7px !important;padding:0 !important;height:auto !important;opacity:.8 !important;-webkit-backdrop-filter:none !important;backdrop-filter:none !important}.v60329a88 .wf74a9075.j76402753{background:none !important}.v60329a88 .wf74a9075.b8f3aa05{max-width:calc(100% - 42px) !important}.v60329a88 .kb599b41a{margin:0 2px !important}.v60329a88 .c37b30756{text-decoration:none !important;pointer-events:auto !important;color:inherit !important}.v60329a88 .c55327b1d{position:absolute !important;right:-2px !important;top:0 !important;z-index:9 !important;pointer-events:auto !important}.v60329a88 .m7b3060f0{background:red !important}</style><yatag class="kf2576b27"></yatag><yatag class="e21519817 j522bab94 i1ff27fa3"><yatag class="e74783a50" style="width: 300px !important; height: 250px !important;"><yatag id="ya_partner_R-I-338751-5-1" class="l9381b27" style="width: 300px !important; height: 250px !important;"><div></div></yatag><yatag class="wf74a9075 r8e22e7d2" data-test="AdKebabAndLabel--adLabelContent" data-label="true">Реклама</yatag><yatag class="ecafee6f8 sd2dcca7e r741777e"><yatag data-close="true" data-new-adtune="true" data-sticky-adtune="false" class="uf6f4f67c w56345d29 r8e22e7d2 v8a568b21"><yatag class="r280c7819 j76402753"></yatag><yatag class="rcc8bb157"><svg width="8" height="20" viewBox="0 0 8 20" fill="white" xmlns="http://www.w3.org/2000/svg"><circle cx="4" cy="4" r="1.5"></circle><circle cx="4" cy="10" r="1.5"></circle><circle cx="4" cy="16" r="1.5"></circle></svg></yatag></yatag></yatag></yatag></yatag></yatag></div></div></div><div class="b-checkbox-list b-checkbox-list_disabled_false b-checkbox-list_opened_true b-checkbox-list_overflow_true"><div class="b-checkbox-list__root"><div class="b-checkbox-list__header">Бренды</div> <div class="b-checkbox-list__body"><div class="b-checkbox-list__quick-search-wrapper"><input maxlength="50" placeholder="Начните вводить название" class="b-checkbox-list__quick-search"></div> <div class="b-checkbox-list__options"><div title="6 соток" class="b-checkbox-list__option b-checkbox-list__option_checked_false b-checkbox-list__option_disabled_false">6 соток</div><div title="Absolut" class="b-checkbox-list__option b-checkbox-list__option_checked_false b-checkbox-list__option_disabled_false">Absolut</div><div title="Actimel" class="b-checkbox-list__option b-checkbox-list__option_checked_false b-checkbox-list__option_disabled_false">Actimel</div><div title="Ahmad Tea" class="b-checkbox-list__option b-checkbox-list__option_checked_false b-checkbox-list__option_disabled_false">Ahmad Tea</div><div title="Akbar" class="b-checkbox-list__option b-checkbox-list__option_checked_false b-checkbox-list__option_disabled_false">Akbar</div><div title="Aloe Fresh" class="b-checkbox-list__option b-checkbox-list__option_checked_false b-checkbox-list__option_disabled_false">Aloe Fresh</div><div title="Alpen Gold" class="b-checkbox-list__option b-checkbox-list__option_checked_false b-checkbox-list__option_disabled_false">Alpen Gold</div><div title="Ambassador" class="b-checkbox-list__option b-checkbox-list__option_checked_false b-checkbox-list__option_disabled_false">Ambassador</div><div title="Anarchy" class="b-checkbox-list__option b-checkbox-list__option_checked_false b-checkbox-list__option_disabled_false">Anarchy</div><div title="AOS" class="b-checkbox-list__option b-checkbox-list__option_checked_false b-checkbox-list__option_disabled_false">AOS</div><div title="Arla Natura" class="b-checkbox-list__option b-checkbox-list__option_checked_false b-checkbox-list__option_disabled_false">Arla Natura</div><div title="Astoria" class="b-checkbox-list__option b-checkbox-list__option_checked_false b-checkbox-list__option_disabled_false">Astoria</div><div title="Aura" class="b-checkbox-list__option b-checkbox-list__option_checked_false b-checkbox-list__option_disabled_false">Aura</div><div title="Axe" class="b-checkbox-list__option b-checkbox-list__option_checked_false b-checkbox-list__option_disabled_false">Axe</div><div title="Bakery story" class="b-checkbox-list__option b-checkbox-list__option_checked_false b-checkbox-list__option_disabled_false">Bakery story</div><div title="Barrister" class="b-checkbox-list__option b-checkbox-list__option_checked_false b-checkbox-list__option_disabled_false">Barrister</div><div title="Beta Tea" class="b-checkbox-list__option b-checkbox-list__option_checked_false b-checkbox-list__option_disabled_false">Beta Tea</div><div title="Binggrae" class="b-checkbox-list__option b-checkbox-list__option_checked_false b-checkbox-list__option_disabled_false">Binggrae</div><div title="Bionica" class="b-checkbox-list__option b-checkbox-list__option_checked_false b-checkbox-list__option_disabled_false">Bionica</div><div title="Bon Giorno" class="b-checkbox-list__option b-checkbox-list__option_checked_false b-checkbox-list__option_disabled_false">Bon Giorno</div><div title="Bonduelle" class="b-checkbox-list__option b-checkbox-list__option_checked_false b-checkbox-list__option_disabled_false">Bonduelle</div><div title="Borjomi" class="b-checkbox-list__option b-checkbox-list__option_checked_false b-checkbox-list__option_disabled_false">Borjomi</div><div title="Bosca" class="b-checkbox-list__option b-checkbox-list__option_checked_false b-checkbox-list__option_disabled_false">Bosca</div><div title="Bounty" class="b-checkbox-list__option b-checkbox-list__option_checked_false b-checkbox-list__option_disabled_false">Bounty</div><div title="Bref" class="b-checkbox-list__option b-checkbox-list__option_checked_false b-checkbox-list__option_disabled_false">Bref</div><div title="Bursamdzeli" class="b-checkbox-list__option b-checkbox-list__option_checked_false b-checkbox-list__option_disabled_false">Bursamdzeli</div><div title="Bushido" class="b-checkbox-list__option b-checkbox-list__option_checked_false b-checkbox-list__option_disabled_false">Bushido</div><div title="Calgon" class="b-checkbox-list__option b-checkbox-list__option_checked_false b-checkbox-list__option_disabled_false">Calgon</div><div title="Camay" class="b-checkbox-list__option b-checkbox-list__option_checked_false b-checkbox-list__option_disabled_false">Camay</div><div title="Casademont" class="b-checkbox-list__option b-checkbox-list__option_checked_false b-checkbox-list__option_disabled_false">Casademont</div><div title="Cho Ko-te" class="b-checkbox-list__option b-checkbox-list__option_checked_false b-checkbox-list__option_disabled_false">Cho Ko-te</div><div title="Chupa Chups" class="b-checkbox-list__option b-checkbox-list__option_checked_false b-checkbox-list__option_disabled_false">Chupa Chups</div><div title="Cillit" class="b-checkbox-list__option b-checkbox-list__option_checked_false b-checkbox-list__option_disabled_false">Cillit</div><div title="Cirio" class="b-checkbox-list__option b-checkbox-list__option_checked_false b-checkbox-list__option_disabled_false">Cirio</div><div title="Colgate" class="b-checkbox-list__option b-checkbox-list__option_checked_false b-checkbox-list__option_disabled_false">Colgate</div><div title="Comet" class="b-checkbox-list__option b-checkbox-list__option_checked_false b-checkbox-list__option_disabled_false">Comet</div><div title="Crazy Jack" class="b-checkbox-list__option b-checkbox-list__option_checked_false b-checkbox-list__option_disabled_false">Crazy Jack</div><div title="Creme Le Mare" class="b-checkbox-list__option b-checkbox-list__option_checked_false b-checkbox-list__option_disabled_false">Creme Le Mare</div><div title="Danone" class="b-checkbox-list__option b-checkbox-list__option_checked_false b-checkbox-list__option_disabled_false">Danone</div><div title="Delicatesse De Mare" class="b-checkbox-list__option b-checkbox-list__option_checked_false b-checkbox-list__option_disabled_false">Delicatesse De Mare</div><div title="DiaDar" class="b-checkbox-list__option b-checkbox-list__option_checked_false b-checkbox-list__option_disabled_false">DiaDar</div><div title="Dirol" class="b-checkbox-list__option b-checkbox-list__option_checked_false b-checkbox-list__option_disabled_false">Dirol</div><div title="Dolce granto" class="b-checkbox-list__option b-checkbox-list__option_checked_false b-checkbox-list__option_disabled_false">Dolce granto</div><div title="Domestos" class="b-checkbox-list__option b-checkbox-list__option_checked_false b-checkbox-list__option_disabled_false">Domestos</div><div title="Dos Mexicanos" class="b-checkbox-list__option b-checkbox-list__option_checked_false b-checkbox-list__option_disabled_false">Dos Mexicanos</div><div title="Dove" class="b-checkbox-list__option b-checkbox-list__option_checked_false b-checkbox-list__option_disabled_false">Dove</div><div title="Egoiste Cafe" class="b-checkbox-list__option b-checkbox-list__option_checked_false b-checkbox-list__option_disabled_false">Egoiste Cafe</div><div title="Elseve" class="b-checkbox-list__option b-checkbox-list__option_checked_false b-checkbox-list__option_disabled_false">Elseve</div><div title="Essen" class="b-checkbox-list__option b-checkbox-list__option_checked_false b-checkbox-list__option_disabled_false">Essen</div><div title="Fa" class="b-checkbox-list__option b-checkbox-list__option_checked_false b-checkbox-list__option_disabled_false">Fa</div><div title="Familia" class="b-checkbox-list__option b-checkbox-list__option_checked_false b-checkbox-list__option_disabled_false">Familia</div><div title="Fathers Old Barrel" class="b-checkbox-list__option b-checkbox-list__option_checked_false b-checkbox-list__option_disabled_false">Fathers Old Barrel</div><div title="Felix" class="b-checkbox-list__option b-checkbox-list__option_checked_false b-checkbox-list__option_disabled_false">Felix</div><div title="Finish" class="b-checkbox-list__option b-checkbox-list__option_checked_false b-checkbox-list__option_disabled_false">Finish</div><div title="Fish House" class="b-checkbox-list__option b-checkbox-list__option_checked_false b-checkbox-list__option_disabled_false">Fish House</div><div title="Fresco" class="b-checkbox-list__option b-checkbox-list__option_checked_false b-checkbox-list__option_disabled_false">Fresco</div><div title="Fruto" class="b-checkbox-list__option b-checkbox-list__option_checked_false b-checkbox-list__option_disabled_false">Fruto</div><div title="Galavani" class="b-checkbox-list__option b-checkbox-list__option_checked_false b-checkbox-list__option_disabled_false">Galavani</div><div title="Galbani" class="b-checkbox-list__option b-checkbox-list__option_checked_false b-checkbox-list__option_disabled_false">Galbani</div><div title="Garnier" class="b-checkbox-list__option b-checkbox-list__option_checked_false b-checkbox-list__option_disabled_false">Garnier</div><div title="Gillette" class="b-checkbox-list__option b-checkbox-list__option_checked_false b-checkbox-list__option_disabled_false">Gillette</div><div title="Global Village" class="b-checkbox-list__option b-checkbox-list__option_checked_false b-checkbox-list__option_disabled_false">Global Village</div><div title="Green Panda" class="b-checkbox-list__option b-checkbox-list__option_checked_false b-checkbox-list__option_disabled_false">Green Panda</div><div title="Greenfield" class="b-checkbox-list__option b-checkbox-list__option_checked_false b-checkbox-list__option_disabled_false">Greenfield</div><div title="Halls" class="b-checkbox-list__option b-checkbox-list__option_checked_false b-checkbox-list__option_disabled_false">Halls</div><div title="Heinz" class="b-checkbox-list__option b-checkbox-list__option_checked_false b-checkbox-list__option_disabled_false">Heinz</div><div title="Highgarden" class="b-checkbox-list__option b-checkbox-list__option_checked_false b-checkbox-list__option_disabled_false">Highgarden</div><div title="Hochland" class="b-checkbox-list__option b-checkbox-list__option_checked_false b-checkbox-list__option_disabled_false">Hochland</div><div title="Honey kid" class="b-checkbox-list__option b-checkbox-list__option_checked_false b-checkbox-list__option_disabled_false">Honey kid</div><div title="J7" class="b-checkbox-list__option b-checkbox-list__option_checked_false b-checkbox-list__option_disabled_false">J7</div><div title="Jacobs" class="b-checkbox-list__option b-checkbox-list__option_checked_false b-checkbox-list__option_disabled_false">Jacobs</div><div title="Jardin" class="b-checkbox-list__option b-checkbox-list__option_checked_false b-checkbox-list__option_disabled_false">Jardin</div><div title="King Fish" class="b-checkbox-list__option b-checkbox-list__option_checked_false b-checkbox-list__option_disabled_false">King Fish</div><div title="Kingfish" class="b-checkbox-list__option b-checkbox-list__option_checked_false b-checkbox-list__option_disabled_false">Kingfish</div><div title="Kotanyi" class="b-checkbox-list__option b-checkbox-list__option_checked_false b-checkbox-list__option_disabled_false">Kotanyi</div><div title="Label 5" class="b-checkbox-list__option b-checkbox-list__option_checked_false b-checkbox-list__option_disabled_false">Label 5</div><div title="Lebo" class="b-checkbox-list__option b-checkbox-list__option_checked_false b-checkbox-list__option_disabled_false">Lebo</div><div title="Lenco" class="b-checkbox-list__option b-checkbox-list__option_checked_false b-checkbox-list__option_disabled_false">Lenco</div><div title="Liebendorf" class="b-checkbox-list__option b-checkbox-list__option_checked_false b-checkbox-list__option_disabled_false">Liebendorf</div><div title="Lipton" class="b-checkbox-list__option b-checkbox-list__option_checked_false b-checkbox-list__option_disabled_false">Lipton</div><div title="Lorentini" class="b-checkbox-list__option b-checkbox-list__option_checked_false b-checkbox-list__option_disabled_false">Lorentini</div><div title="Lorenz" class="b-checkbox-list__option b-checkbox-list__option_checked_false b-checkbox-list__option_disabled_false">Lorenz</div><div title="Love is" class="b-checkbox-list__option b-checkbox-list__option_checked_false b-checkbox-list__option_disabled_false">Love is</div><div title="MacCoffee" class="b-checkbox-list__option b-checkbox-list__option_checked_false b-checkbox-list__option_disabled_false">MacCoffee</div><div title="Maggi" class="b-checkbox-list__option b-checkbox-list__option_checked_false b-checkbox-list__option_disabled_false">Maggi</div><div title="Magic Grain" class="b-checkbox-list__option b-checkbox-list__option_checked_false b-checkbox-list__option_disabled_false">Magic Grain</div><div title="Mamba" class="b-checkbox-list__option b-checkbox-list__option_checked_false b-checkbox-list__option_disabled_false">Mamba</div><div title="Marleson" class="b-checkbox-list__option b-checkbox-list__option_checked_false b-checkbox-list__option_disabled_false">Marleson</div><div title="Meller" class="b-checkbox-list__option b-checkbox-list__option_checked_false b-checkbox-list__option_disabled_false">Meller</div><div title="Milka" class="b-checkbox-list__option b-checkbox-list__option_checked_false b-checkbox-list__option_disabled_false">Milka</div><div title="Mipao" class="b-checkbox-list__option b-checkbox-list__option_checked_false b-checkbox-list__option_disabled_false">Mipao</div><div title="Mirel" class="b-checkbox-list__option b-checkbox-list__option_checked_false b-checkbox-list__option_disabled_false">Mirel</div><div title="Mivela Mg++" class="b-checkbox-list__option b-checkbox-list__option_checked_false b-checkbox-list__option_disabled_false">Mivela Mg++</div><div title="Mixbar" class="b-checkbox-list__option b-checkbox-list__option_checked_false b-checkbox-list__option_disabled_false">Mixbar</div><div title="Mollis" class="b-checkbox-list__option b-checkbox-list__option_checked_false b-checkbox-list__option_disabled_false">Mollis</div><div title="Mr. Ricco" class="b-checkbox-list__option b-checkbox-list__option_checked_false b-checkbox-list__option_disabled_false">Mr. Ricco</div><div title="My Komboocha" class="b-checkbox-list__option b-checkbox-list__option_checked_false b-checkbox-list__option_disabled_false">My Komboocha</div><div title="Nar" class="b-checkbox-list__option b-checkbox-list__option_checked_false b-checkbox-list__option_disabled_false">Nar</div><div title="Nemoloko" class="b-checkbox-list__option b-checkbox-list__option_checked_false b-checkbox-list__option_disabled_false">Nemoloko</div><div title="Nescafe" class="b-checkbox-list__option b-checkbox-list__option_checked_false b-checkbox-list__option_disabled_false">Nescafe</div><div title="Nuts" class="b-checkbox-list__option b-checkbox-list__option_checked_false b-checkbox-list__option_disabled_false">Nuts</div><div title="O'Brian" class="b-checkbox-list__option b-checkbox-list__option_checked_false b-checkbox-list__option_disabled_false">O'Brian</div><div title="Orion" class="b-checkbox-list__option b-checkbox-list__option_checked_false b-checkbox-list__option_disabled_false">Orion</div><div title="Palmolive" class="b-checkbox-list__option b-checkbox-list__option_checked_false b-checkbox-list__option_disabled_false">Palmolive</div><div title="Papia" class="b-checkbox-list__option b-checkbox-list__option_checked_false b-checkbox-list__option_disabled_false">Papia</div><div title="Patardzeuli" class="b-checkbox-list__option b-checkbox-list__option_checked_false b-checkbox-list__option_disabled_false">Patardzeuli</div><div title="Pedigree" class="b-checkbox-list__option b-checkbox-list__option_checked_false b-checkbox-list__option_disabled_false">Pedigree</div><div title="Perfect Fit" class="b-checkbox-list__option b-checkbox-list__option_checked_false b-checkbox-list__option_disabled_false">Perfect Fit</div><div title="Picnic" class="b-checkbox-list__option b-checkbox-list__option_checked_false b-checkbox-list__option_disabled_false">Picnic</div><div title="President" class="b-checkbox-list__option b-checkbox-list__option_checked_false b-checkbox-list__option_disabled_false">President</div><div title="Promesa" class="b-checkbox-list__option b-checkbox-list__option_checked_false b-checkbox-list__option_disabled_false">Promesa</div><div title="PULPY" class="b-checkbox-list__option b-checkbox-list__option_checked_false b-checkbox-list__option_disabled_false">PULPY</div><div title="Purina ONE" class="b-checkbox-list__option b-checkbox-list__option_checked_false b-checkbox-list__option_disabled_false">Purina ONE</div><div title="Red Bull" class="b-checkbox-list__option b-checkbox-list__option_checked_false b-checkbox-list__option_disabled_false">Red Bull</div><div title="Restoria" class="b-checkbox-list__option b-checkbox-list__option_checked_false b-checkbox-list__option_disabled_false">Restoria</div><div title="Rich" class="b-checkbox-list__option b-checkbox-list__option_checked_false b-checkbox-list__option_disabled_false">Rich</div><div title="Richard" class="b-checkbox-list__option b-checkbox-list__option_checked_false b-checkbox-list__option_disabled_false">Richard</div><div title="Ruskeala" class="b-checkbox-list__option b-checkbox-list__option_checked_false b-checkbox-list__option_disabled_false">Ruskeala</div><div title="Sanfor" class="b-checkbox-list__option b-checkbox-list__option_checked_false b-checkbox-list__option_disabled_false">Sanfor</div><div title="Sangria" class="b-checkbox-list__option b-checkbox-list__option_checked_false b-checkbox-list__option_disabled_false">Sangria</div><div title="Santo Stefano" class="b-checkbox-list__option b-checkbox-list__option_checked_false b-checkbox-list__option_disabled_false">Santo Stefano</div><div title="Schauma" class="b-checkbox-list__option b-checkbox-list__option_checked_false b-checkbox-list__option_disabled_false">Schauma</div><div title="Sen Soy" class="b-checkbox-list__option b-checkbox-list__option_checked_false b-checkbox-list__option_disabled_false">Sen Soy</div><div title="Setra" class="b-checkbox-list__option b-checkbox-list__option_checked_false b-checkbox-list__option_disabled_false">Setra</div><div title="Shustoff" class="b-checkbox-list__option b-checkbox-list__option_checked_false b-checkbox-list__option_disabled_false">Shustoff</div><div title="Sicilia" class="b-checkbox-list__option b-checkbox-list__option_checked_false b-checkbox-list__option_disabled_false">Sicilia</div><div title="Skittles" class="b-checkbox-list__option b-checkbox-list__option_checked_false b-checkbox-list__option_disabled_false">Skittles</div><div title="Snickers" class="b-checkbox-list__option b-checkbox-list__option_checked_false b-checkbox-list__option_disabled_false">Snickers</div><div title="Soko Grande" class="b-checkbox-list__option b-checkbox-list__option_checked_false b-checkbox-list__option_disabled_false">Soko Grande</div><div title="Splat" class="b-checkbox-list__option b-checkbox-list__option_checked_false b-checkbox-list__option_disabled_false">Splat</div><div title="Steersman" class="b-checkbox-list__option b-checkbox-list__option_checked_false b-checkbox-list__option_disabled_false">Steersman</div><div title="Stolichnaya" class="b-checkbox-list__option b-checkbox-list__option_checked_false b-checkbox-list__option_disabled_false">Stolichnaya</div><div title="Sweet box" class="b-checkbox-list__option b-checkbox-list__option_checked_false b-checkbox-list__option_disabled_false">Sweet box</div><div title="Syoss" class="b-checkbox-list__option b-checkbox-list__option_checked_false b-checkbox-list__option_disabled_false">Syoss</div><div title="Tess" class="b-checkbox-list__option b-checkbox-list__option_checked_false b-checkbox-list__option_disabled_false">Tess</div><div title="The Colonist" class="b-checkbox-list__option b-checkbox-list__option_checked_false b-checkbox-list__option_disabled_false">The Colonist</div><div title="Tiret" class="b-checkbox-list__option b-checkbox-list__option_checked_false b-checkbox-list__option_disabled_false">Tiret</div><div title="Trattoria Di Maestro Turatti" class="b-checkbox-list__option b-checkbox-list__option_checked_false b-checkbox-list__option_disabled_false">Trattoria Di Maestro Turatti</div><div title="Tundra" class="b-checkbox-list__option b-checkbox-list__option_checked_false b-checkbox-list__option_disabled_false">Tundra</div><div title="Turbo Diesel" class="b-checkbox-list__option b-checkbox-list__option_checked_false b-checkbox-list__option_disabled_false">Turbo Diesel</div><div title="Twister" class="b-checkbox-list__option b-checkbox-list__option_checked_false b-checkbox-list__option_disabled_false">Twister</div><div title="Unicorn" class="b-checkbox-list__option b-checkbox-list__option_checked_false b-checkbox-list__option_disabled_false">Unicorn</div><div title="Unicum" class="b-checkbox-list__option b-checkbox-list__option_checked_false b-checkbox-list__option_disabled_false">Unicum</div><div title="Vanish" class="b-checkbox-list__option b-checkbox-list__option_checked_false b-checkbox-list__option_disabled_false">Vanish</div><div title="Venus" class="b-checkbox-list__option b-checkbox-list__option_checked_false b-checkbox-list__option_disabled_false">Venus</div><div title="VERMICELLI" class="b-checkbox-list__option b-checkbox-list__option_checked_false b-checkbox-list__option_disabled_false">VERMICELLI</div><div title="Vernel" class="b-checkbox-list__option b-checkbox-list__option_checked_false b-checkbox-list__option_disabled_false">Vernel</div><div title="Villa Krim" class="b-checkbox-list__option b-checkbox-list__option_checked_false b-checkbox-list__option_disabled_false">Villa Krim</div><div title="Viola" class="b-checkbox-list__option b-checkbox-list__option_checked_false b-checkbox-list__option_disabled_false">Viola</div><div title="Whiskas" class="b-checkbox-list__option b-checkbox-list__option_checked_false b-checkbox-list__option_disabled_false">Whiskas</div><div title="Woolite" class="b-checkbox-list__option b-checkbox-list__option_checked_false b-checkbox-list__option_disabled_false">Woolite</div><div title="Zewa" class="b-checkbox-list__option b-checkbox-list__option_checked_false b-checkbox-list__option_disabled_false">Zewa</div><div title="Авшарский Винный Завод" class="b-checkbox-list__option b-checkbox-list__option_checked_false b-checkbox-list__option_disabled_false">Авшарский Винный Завод</div><div title="Агуша" class="b-checkbox-list__option b-checkbox-list__option_checked_false b-checkbox-list__option_disabled_false">Агуша</div><div title="Азовская" class="b-checkbox-list__option b-checkbox-list__option_checked_false b-checkbox-list__option_disabled_false">Азовская</div><div title="Азовская кондитерская фабрика" class="b-checkbox-list__option b-checkbox-list__option_checked_false b-checkbox-list__option_disabled_false">Азовская кондитерская фабрика</div><div title="Акконд" class="b-checkbox-list__option b-checkbox-list__option_checked_false b-checkbox-list__option_disabled_false">Акконд</div><div title="Активиа" class="b-checkbox-list__option b-checkbox-list__option_checked_false b-checkbox-list__option_disabled_false">Активиа</div><div title="Актуаль" class="b-checkbox-list__option b-checkbox-list__option_checked_false b-checkbox-list__option_disabled_false">Актуаль</div><div title="Аладушкин" class="b-checkbox-list__option b-checkbox-list__option_checked_false b-checkbox-list__option_disabled_false">Аладушкин</div><div title="Аланталь" class="b-checkbox-list__option b-checkbox-list__option_checked_false b-checkbox-list__option_disabled_false">Аланталь</div><div title="Аленка" class="b-checkbox-list__option b-checkbox-list__option_checked_false b-checkbox-list__option_disabled_false">Аленка</div><div title="Аппетитка" class="b-checkbox-list__option b-checkbox-list__option_checked_false b-checkbox-list__option_disabled_false">Аппетитка</div><div title="Апсны" class="b-checkbox-list__option b-checkbox-list__option_checked_false b-checkbox-list__option_disabled_false">Апсны</div><div title="Архангельская" class="b-checkbox-list__option b-checkbox-list__option_checked_false b-checkbox-list__option_disabled_false">Архангельская</div><div title="Архыз" class="b-checkbox-list__option b-checkbox-list__option_checked_false b-checkbox-list__option_disabled_false">Архыз</div><div title="Асто" class="b-checkbox-list__option b-checkbox-list__option_checked_false b-checkbox-list__option_disabled_false">Асто</div><div title="Атяшево" class="b-checkbox-list__option b-checkbox-list__option_checked_false b-checkbox-list__option_disabled_false">Атяшево</div><div title="Аш-тау" class="b-checkbox-list__option b-checkbox-list__option_checked_false b-checkbox-list__option_disabled_false">Аш-тау</div><div title="Баварушка" class="b-checkbox-list__option b-checkbox-list__option_checked_false b-checkbox-list__option_disabled_false">Баварушка</div><div title="Балтийский берег" class="b-checkbox-list__option b-checkbox-list__option_checked_false b-checkbox-list__option_disabled_false">Балтийский берег</div><div title="Бархатные ручки" class="b-checkbox-list__option b-checkbox-list__option_checked_false b-checkbox-list__option_disabled_false">Бархатные ручки</div><div title="Белая Березка" class="b-checkbox-list__option b-checkbox-list__option_checked_false b-checkbox-list__option_disabled_false">Белая Березка</div><div title="Белевская пастила" class="b-checkbox-list__option b-checkbox-list__option_checked_false b-checkbox-list__option_disabled_false">Белевская пастила</div><div title="Белочка" class="b-checkbox-list__option b-checkbox-list__option_checked_false b-checkbox-list__option_disabled_false">Белочка</div><div title="Белый налив" class="b-checkbox-list__option b-checkbox-list__option_checked_false b-checkbox-list__option_disabled_false">Белый налив</div><div title="Биг-ланч" class="b-checkbox-list__option b-checkbox-list__option_checked_false b-checkbox-list__option_disabled_false">Биг-ланч</div><div title="Биолан" class="b-checkbox-list__option b-checkbox-list__option_checked_false b-checkbox-list__option_disabled_false">Биолан</div><div title="БКК Коломенское" class="b-checkbox-list__option b-checkbox-list__option_checked_false b-checkbox-list__option_disabled_false">БКК Коломенское</div><div title="Ближние Горки" class="b-checkbox-list__option b-checkbox-list__option_checked_false b-checkbox-list__option_disabled_false">Ближние Горки</div><div title="Богучарские" class="b-checkbox-list__option b-checkbox-list__option_checked_false b-checkbox-list__option_disabled_false">Богучарские</div><div title="Большая чашка" class="b-checkbox-list__option b-checkbox-list__option_checked_false b-checkbox-list__option_disabled_false">Большая чашка</div><div title="Бон Пари" class="b-checkbox-list__option b-checkbox-list__option_checked_false b-checkbox-list__option_disabled_false">Бон Пари</div><div title="Боярушка" class="b-checkbox-list__option b-checkbox-list__option_checked_false b-checkbox-list__option_disabled_false">Боярушка</div><div title="Брест-Литовск" class="b-checkbox-list__option b-checkbox-list__option_checked_false b-checkbox-list__option_disabled_false">Брест-Литовск</div><div title="Бугульма" class="b-checkbox-list__option b-checkbox-list__option_checked_false b-checkbox-list__option_disabled_false">Бугульма</div><div title="Ваше здоровье" class="b-checkbox-list__option b-checkbox-list__option_checked_false b-checkbox-list__option_disabled_false">Ваше здоровье</div><div title="Великолукский Мясокомбинат" class="b-checkbox-list__option b-checkbox-list__option_checked_false b-checkbox-list__option_disabled_false">Великолукский Мясокомбинат</div><div title="Верховье" class="b-checkbox-list__option b-checkbox-list__option_checked_false b-checkbox-list__option_disabled_false">Верховье</div><div title="Вкуснотеево" class="b-checkbox-list__option b-checkbox-list__option_checked_false b-checkbox-list__option_disabled_false">Вкуснотеево</div><div title="Владпродукт" class="b-checkbox-list__option b-checkbox-list__option_checked_false b-checkbox-list__option_disabled_false">Владпродукт</div><div title="Волковская пивоварня" class="b-checkbox-list__option b-checkbox-list__option_checked_false b-checkbox-list__option_disabled_false">Волковская пивоварня</div><div title="Вологодское" class="b-checkbox-list__option b-checkbox-list__option_checked_false b-checkbox-list__option_disabled_false">Вологодское</div><div title="Волшебное дерево" class="b-checkbox-list__option b-checkbox-list__option_checked_false b-checkbox-list__option_disabled_false">Волшебное дерево</div><div title="Гастроном 1" class="b-checkbox-list__option b-checkbox-list__option_checked_false b-checkbox-list__option_disabled_false">Гастроном 1</div><div title="Главпродукт" class="b-checkbox-list__option b-checkbox-list__option_checked_false b-checkbox-list__option_disabled_false">Главпродукт</div><div title="Главсуп" class="b-checkbox-list__option b-checkbox-list__option_checked_false b-checkbox-list__option_disabled_false">Главсуп</div><div title="Горячая штучка" class="b-checkbox-list__option b-checkbox-list__option_checked_false b-checkbox-list__option_disabled_false">Горячая штучка</div><div title="Готово!" class="b-checkbox-list__option b-checkbox-list__option_checked_false b-checkbox-list__option_disabled_false">Готово!</div><div title="Гриль Мания" class="b-checkbox-list__option b-checkbox-list__option_checked_false b-checkbox-list__option_disabled_false">Гриль Мания</div><div title="Дальневосточный" class="b-checkbox-list__option b-checkbox-list__option_checked_false b-checkbox-list__option_disabled_false">Дальневосточный</div><div title="Даниссимо" class="b-checkbox-list__option b-checkbox-list__option_checked_false b-checkbox-list__option_disabled_false">Даниссимо</div><div title="ДАЁЖЪ" class="b-checkbox-list__option b-checkbox-list__option_checked_false b-checkbox-list__option_disabled_false">ДАЁЖЪ</div><div title="Дивный Берег" class="b-checkbox-list__option b-checkbox-list__option_checked_false b-checkbox-list__option_disabled_false">Дивный Берег</div><div title="Для всей семьи" class="b-checkbox-list__option b-checkbox-list__option_checked_false b-checkbox-list__option_disabled_false">Для всей семьи</div><div title="Добрый" class="b-checkbox-list__option b-checkbox-list__option_checked_false b-checkbox-list__option_disabled_false">Добрый</div><div title="Древний Эривань" class="b-checkbox-list__option b-checkbox-list__option_checked_false b-checkbox-list__option_disabled_false">Древний Эривань</div><div title="Дугладзе" class="b-checkbox-list__option b-checkbox-list__option_checked_false b-checkbox-list__option_disabled_false">Дугладзе</div><div title="Дым ДымычЪ" class="b-checkbox-list__option b-checkbox-list__option_checked_false b-checkbox-list__option_disabled_false">Дым ДымычЪ</div><div title="Дядя ваня" class="b-checkbox-list__option b-checkbox-list__option_checked_false b-checkbox-list__option_disabled_false">Дядя ваня</div><div title="Европром" class="b-checkbox-list__option b-checkbox-list__option_checked_false b-checkbox-list__option_disabled_false">Европром</div><div title="Егорьевская колбасно-гастрономическая фабрика" class="b-checkbox-list__option b-checkbox-list__option_checked_false b-checkbox-list__option_disabled_false">Егорьевская колбасно-гастрономическая фабрика</div><div title="Жаренки" class="b-checkbox-list__option b-checkbox-list__option_checked_false b-checkbox-list__option_disabled_false">Жаренки</div><div title="Живые конфеты" class="b-checkbox-list__option b-checkbox-list__option_checked_false b-checkbox-list__option_disabled_false">Живые конфеты</div><div title="Звездочки" class="b-checkbox-list__option b-checkbox-list__option_checked_false b-checkbox-list__option_disabled_false">Звездочки</div><div title="Здрава" class="b-checkbox-list__option b-checkbox-list__option_checked_false b-checkbox-list__option_disabled_false">Здрава</div><div title="Зелёная марка" class="b-checkbox-list__option b-checkbox-list__option_checked_false b-checkbox-list__option_disabled_false">Зелёная марка</div><div title="Зерница" class="b-checkbox-list__option b-checkbox-list__option_checked_false b-checkbox-list__option_disabled_false">Зерница</div><div title="Золотая семечка" class="b-checkbox-list__option b-checkbox-list__option_checked_false b-checkbox-list__option_disabled_false">Золотая семечка</div><div title="Золотой петушок" class="b-checkbox-list__option b-checkbox-list__option_checked_false b-checkbox-list__option_disabled_false">Золотой петушок</div><div title="Иваси" class="b-checkbox-list__option b-checkbox-list__option_checked_false b-checkbox-list__option_disabled_false">Иваси</div><div title="Индилайт" class="b-checkbox-list__option b-checkbox-list__option_checked_false b-checkbox-list__option_disabled_false">Индилайт</div><div title="Иней" class="b-checkbox-list__option b-checkbox-list__option_checked_false b-checkbox-list__option_disabled_false">Иней</div><div title="Инкерман" class="b-checkbox-list__option b-checkbox-list__option_checked_false b-checkbox-list__option_disabled_false">Инкерман</div><div title="Капитан Норд" class="b-checkbox-list__option b-checkbox-list__option_checked_false b-checkbox-list__option_disabled_false">Капитан Норд</div><div title="Каравай" class="b-checkbox-list__option b-checkbox-list__option_checked_false b-checkbox-list__option_disabled_false">Каравай</div><div title="Караван Сарай" class="b-checkbox-list__option b-checkbox-list__option_checked_false b-checkbox-list__option_disabled_false">Караван Сарай</div><div title="Карат Плюс" class="b-checkbox-list__option b-checkbox-list__option_checked_false b-checkbox-list__option_disabled_false">Карат Плюс</div><div title="Карельский бальзам" class="b-checkbox-list__option b-checkbox-list__option_checked_false b-checkbox-list__option_disabled_false">Карельский бальзам</div><div title="Каскад" class="b-checkbox-list__option b-checkbox-list__option_checked_false b-checkbox-list__option_disabled_false">Каскад</div><div title="Квант" class="b-checkbox-list__option b-checkbox-list__option_checked_false b-checkbox-list__option_disabled_false">Квант</div><div title="КД Посадъ" class="b-checkbox-list__option b-checkbox-list__option_checked_false b-checkbox-list__option_disabled_false">КД Посадъ</div><div title="Кизлярский" class="b-checkbox-list__option b-checkbox-list__option_checked_false b-checkbox-list__option_disabled_false">Кизлярский</div><div title="Киновский" class="b-checkbox-list__option b-checkbox-list__option_checked_false b-checkbox-list__option_disabled_false">Киновский</div><div title="Клинский мясокомбинат" class="b-checkbox-list__option b-checkbox-list__option_checked_false b-checkbox-list__option_disabled_false">Клинский мясокомбинат</div><div title="Комильфо" class="b-checkbox-list__option b-checkbox-list__option_checked_false b-checkbox-list__option_disabled_false">Комильфо</div><div title="Коммунарка" class="b-checkbox-list__option b-checkbox-list__option_checked_false b-checkbox-list__option_disabled_false">Коммунарка</div><div title="Конти" class="b-checkbox-list__option b-checkbox-list__option_checked_false b-checkbox-list__option_disabled_false">Конти</div><div title="Корела" class="b-checkbox-list__option b-checkbox-list__option_checked_false b-checkbox-list__option_disabled_false">Корела</div><div title="Коровка" class="b-checkbox-list__option b-checkbox-list__option_checked_false b-checkbox-list__option_disabled_false">Коровка</div><div title="Красный Октябрь" class="b-checkbox-list__option b-checkbox-list__option_checked_false b-checkbox-list__option_disabled_false">Красный Октябрь</div><div title="Кременкульское" class="b-checkbox-list__option b-checkbox-list__option_checked_false b-checkbox-list__option_disabled_false">Кременкульское</div><div title="Кремлина" class="b-checkbox-list__option b-checkbox-list__option_checked_false b-checkbox-list__option_disabled_false">Кремлина</div><div title="Крепкие традиции" class="b-checkbox-list__option b-checkbox-list__option_checked_false b-checkbox-list__option_disabled_false">Крепкие традиции</div><div title="Крымский Погребок" class="b-checkbox-list__option b-checkbox-list__option_checked_false b-checkbox-list__option_disabled_false">Крымский Погребок</div><div title="Кухмастер" class="b-checkbox-list__option b-checkbox-list__option_checked_false b-checkbox-list__option_disabled_false">Кухмастер</div><div title="Лакомства для здоровья" class="b-checkbox-list__option b-checkbox-list__option_checked_false b-checkbox-list__option_disabled_false">Лакомства для здоровья</div><div title="Левъ Голицынъ" class="b-checkbox-list__option b-checkbox-list__option_checked_false b-checkbox-list__option_disabled_false">Левъ Голицынъ</div><div title="Липецкая" class="b-checkbox-list__option b-checkbox-list__option_checked_false b-checkbox-list__option_disabled_false">Липецкая</div><div title="Ложкаревъ" class="b-checkbox-list__option b-checkbox-list__option_checked_false b-checkbox-list__option_disabled_false">Ложкаревъ</div><div title="Лыхны" class="b-checkbox-list__option b-checkbox-list__option_checked_false b-checkbox-list__option_disabled_false">Лыхны</div><div title="Мааг" class="b-checkbox-list__option b-checkbox-list__option_checked_false b-checkbox-list__option_disabled_false">Мааг</div><div title="Майский" class="b-checkbox-list__option b-checkbox-list__option_checked_false b-checkbox-list__option_disabled_false">Майский</div><div title="Малышок" class="b-checkbox-list__option b-checkbox-list__option_checked_false b-checkbox-list__option_disabled_false">Малышок</div><div title="Массандра" class="b-checkbox-list__option b-checkbox-list__option_checked_false b-checkbox-list__option_disabled_false">Массандра</div><div title="Махеевъ" class="b-checkbox-list__option b-checkbox-list__option_checked_false b-checkbox-list__option_disabled_false">Махеевъ</div><div title="Медвежонок Барни" class="b-checkbox-list__option b-checkbox-list__option_checked_false b-checkbox-list__option_disabled_false">Медвежонок Барни</div><div title="Медунок" class="b-checkbox-list__option b-checkbox-list__option_checked_false b-checkbox-list__option_disabled_false">Медунок</div><div title="Меридиан" class="b-checkbox-list__option b-checkbox-list__option_checked_false b-checkbox-list__option_disabled_false">Меридиан</div><div title="Мираторг" class="b-checkbox-list__option b-checkbox-list__option_checked_false b-checkbox-list__option_disabled_false">Мираторг</div><div title="Мистраль" class="b-checkbox-list__option b-checkbox-list__option_checked_false b-checkbox-list__option_disabled_false">Мистраль</div><div title="Мишаня" class="b-checkbox-list__option b-checkbox-list__option_checked_false b-checkbox-list__option_disabled_false">Мишаня</div><div title="Мишка Косолапый" class="b-checkbox-list__option b-checkbox-list__option_checked_false b-checkbox-list__option_disabled_false">Мишка Косолапый</div><div title="Мишки в лесу" class="b-checkbox-list__option b-checkbox-list__option_checked_false b-checkbox-list__option_disabled_false">Мишки в лесу</div><div title="Молочная культура" class="b-checkbox-list__option b-checkbox-list__option_checked_false b-checkbox-list__option_disabled_false">Молочная культура</div><div title="Морозко" class="b-checkbox-list__option b-checkbox-list__option_checked_false b-checkbox-list__option_disabled_false">Морозко</div><div title="Морошка" class="b-checkbox-list__option b-checkbox-list__option_checked_false b-checkbox-list__option_disabled_false">Морошка</div><div title="Морская планета" class="b-checkbox-list__option b-checkbox-list__option_checked_false b-checkbox-list__option_disabled_false">Морская планета</div><div title="Московская кофейня на паяхъ" class="b-checkbox-list__option b-checkbox-list__option_checked_false b-checkbox-list__option_disabled_false">Московская кофейня на паяхъ</div><div title="Мясная ферма" class="b-checkbox-list__option b-checkbox-list__option_checked_false b-checkbox-list__option_disabled_false">Мясная ферма</div><div title="Националь" class="b-checkbox-list__option b-checkbox-list__option_checked_false b-checkbox-list__option_disabled_false">Националь</div><div title="Невская сушка" class="b-checkbox-list__option b-checkbox-list__option_checked_false b-checkbox-list__option_disabled_false">Невская сушка</div><div title="Невские Берега" class="b-checkbox-list__option b-checkbox-list__option_checked_false b-checkbox-list__option_disabled_false">Невские Берега</div><div title="Невский кондитер" class="b-checkbox-list__option b-checkbox-list__option_checked_false b-checkbox-list__option_disabled_false">Невский кондитер</div><div title="Новгородский бекон" class="b-checkbox-list__option b-checkbox-list__option_checked_false b-checkbox-list__option_disabled_false">Новгородский бекон</div><div title="Ого!" class="b-checkbox-list__option b-checkbox-list__option_checked_false b-checkbox-list__option_disabled_false">Ого!</div><div title="Окраина" class="b-checkbox-list__option b-checkbox-list__option_checked_false b-checkbox-list__option_disabled_false">Окраина</div><div title="Ольховский Мк" class="b-checkbox-list__option b-checkbox-list__option_checked_false b-checkbox-list__option_disabled_false">Ольховский Мк</div><div title="Оредеж" class="b-checkbox-list__option b-checkbox-list__option_checked_false b-checkbox-list__option_disabled_false">Оредеж</div><div title="Останкино" class="b-checkbox-list__option b-checkbox-list__option_checked_false b-checkbox-list__option_disabled_false">Останкино</div><div title="От Мартина" class="b-checkbox-list__option b-checkbox-list__option_checked_false b-checkbox-list__option_disabled_false">От Мартина</div><div title="Пантенол" class="b-checkbox-list__option b-checkbox-list__option_checked_false b-checkbox-list__option_disabled_false">Пантенол</div><div title="Папа может" class="b-checkbox-list__option b-checkbox-list__option_checked_false b-checkbox-list__option_disabled_false">Папа может</div><div title="Пекарь" class="b-checkbox-list__option b-checkbox-list__option_checked_false b-checkbox-list__option_disabled_false">Пекарь</div><div title="Петелинка" class="b-checkbox-list__option b-checkbox-list__option_checked_false b-checkbox-list__option_disabled_false">Петелинка</div><div title="Петр Первый" class="b-checkbox-list__option b-checkbox-list__option_checked_false b-checkbox-list__option_disabled_false">Петр Первый</div><div title="Петруха" class="b-checkbox-list__option b-checkbox-list__option_checked_false b-checkbox-list__option_disabled_false">Петруха</div><div title="Пиканта" class="b-checkbox-list__option b-checkbox-list__option_checked_false b-checkbox-list__option_disabled_false">Пиканта</div><div title="Питейный дом" class="b-checkbox-list__option b-checkbox-list__option_checked_false b-checkbox-list__option_disabled_false">Питейный дом</div><div title="Победа вкуса" class="b-checkbox-list__option b-checkbox-list__option_checked_false b-checkbox-list__option_disabled_false">Победа вкуса</div><div title="Полет" class="b-checkbox-list__option b-checkbox-list__option_checked_false b-checkbox-list__option_disabled_false">Полет</div><div title="Помидорка" class="b-checkbox-list__option b-checkbox-list__option_checked_false b-checkbox-list__option_disabled_false">Помидорка</div><div title="Прелесть" class="b-checkbox-list__option b-checkbox-list__option_checked_false b-checkbox-list__option_disabled_false">Прелесть</div><div title="Простоквашино" class="b-checkbox-list__option b-checkbox-list__option_checked_false b-checkbox-list__option_disabled_false">Простоквашино</div><div title="Псоу" class="b-checkbox-list__option b-checkbox-list__option_checked_false b-checkbox-list__option_disabled_false">Псоу</div><div title="Птицефабрика Северная" class="b-checkbox-list__option b-checkbox-list__option_checked_false b-checkbox-list__option_disabled_false">Птицефабрика Северная</div><div title="Пчелка" class="b-checkbox-list__option b-checkbox-list__option_checked_false b-checkbox-list__option_disabled_false">Пчелка</div><div title="Пять звездочек" class="b-checkbox-list__option b-checkbox-list__option_checked_false b-checkbox-list__option_disabled_false">Пять звездочек</div><div title="Резной Палисад" class="b-checkbox-list__option b-checkbox-list__option_checked_false b-checkbox-list__option_disabled_false">Резной Палисад</div><div title="Ресторация обломов" class="b-checkbox-list__option b-checkbox-list__option_checked_false b-checkbox-list__option_disabled_false">Ресторация обломов</div><div title="Рестория" class="b-checkbox-list__option b-checkbox-list__option_checked_false b-checkbox-list__option_disabled_false">Рестория</div><div title="Рецепты бабушки Агафьи" class="b-checkbox-list__option b-checkbox-list__option_checked_false b-checkbox-list__option_disabled_false">Рецепты бабушки Агафьи</div><div title="Родные просторы" class="b-checkbox-list__option b-checkbox-list__option_checked_false b-checkbox-list__option_disabled_false">Родные просторы</div><div title="Роллтон" class="b-checkbox-list__option b-checkbox-list__option_checked_false b-checkbox-list__option_disabled_false">Роллтон</div><div title="Ростагрокомплекс" class="b-checkbox-list__option b-checkbox-list__option_checked_false b-checkbox-list__option_disabled_false">Ростагрокомплекс</div><div title="Рот Фронт" class="b-checkbox-list__option b-checkbox-list__option_checked_false b-checkbox-list__option_disabled_false">Рот Фронт</div><div title="Русская картошка" class="b-checkbox-list__option b-checkbox-list__option_checked_false b-checkbox-list__option_disabled_false">Русская картошка</div><div title="Русская Лоза" class="b-checkbox-list__option b-checkbox-list__option_checked_false b-checkbox-list__option_disabled_false">Русская Лоза</div><div title="Русский Продукт" class="b-checkbox-list__option b-checkbox-list__option_checked_false b-checkbox-list__option_disabled_false">Русский Продукт</div><div title="Русский Стандарт" class="b-checkbox-list__option b-checkbox-list__option_checked_false b-checkbox-list__option_disabled_false">Русский Стандарт</div><div title="Русский Узор" class="b-checkbox-list__option b-checkbox-list__option_checked_false b-checkbox-list__option_disabled_false">Русский Узор</div><div title="Рыбная кухня" class="b-checkbox-list__option b-checkbox-list__option_checked_false b-checkbox-list__option_disabled_false">Рыбная кухня</div><div title="С пылу с жару" class="b-checkbox-list__option b-checkbox-list__option_checked_false b-checkbox-list__option_disabled_false">С пылу с жару</div><div title="Сhateau Tamagne" class="b-checkbox-list__option b-checkbox-list__option_checked_false b-checkbox-list__option_disabled_false">Сhateau Tamagne</div><div title="Санта бремор" class="b-checkbox-list__option b-checkbox-list__option_checked_false b-checkbox-list__option_disabled_false">Санта бремор</div><div title="Сарафаново" class="b-checkbox-list__option b-checkbox-list__option_checked_false b-checkbox-list__option_disabled_false">Сарафаново</div><div title="Саят-Нова" class="b-checkbox-list__option b-checkbox-list__option_checked_false b-checkbox-list__option_disabled_false">Саят-Нова</div><div title="Свежее Завтра" class="b-checkbox-list__option b-checkbox-list__option_checked_false b-checkbox-list__option_disabled_false">Свежее Завтра</div><div title="Свитлогорье" class="b-checkbox-list__option b-checkbox-list__option_checked_false b-checkbox-list__option_disabled_false">Свитлогорье</div><div title="Святой Источник" class="b-checkbox-list__option b-checkbox-list__option_checked_false b-checkbox-list__option_disabled_false">Святой Источник</div><div title="Сдобная особа" class="b-checkbox-list__option b-checkbox-list__option_checked_false b-checkbox-list__option_disabled_false">Сдобная особа</div><div title="Селяночка" class="b-checkbox-list__option b-checkbox-list__option_checked_false b-checkbox-list__option_disabled_false">Селяночка</div><div title="Сибирская коллекция" class="b-checkbox-list__option b-checkbox-list__option_checked_false b-checkbox-list__option_disabled_false">Сибирская коллекция</div><div title="Сияние" class="b-checkbox-list__option b-checkbox-list__option_checked_false b-checkbox-list__option_disabled_false">Сияние</div><div title="Славянка" class="b-checkbox-list__option b-checkbox-list__option_checked_false b-checkbox-list__option_disabled_false">Славянка</div><div title="Славянские традиции" class="b-checkbox-list__option b-checkbox-list__option_checked_false b-checkbox-list__option_disabled_false">Славянские традиции</div><div title="Слобода" class="b-checkbox-list__option b-checkbox-list__option_checked_false b-checkbox-list__option_disabled_false">Слобода</div><div title="Слово мясника" class="b-checkbox-list__option b-checkbox-list__option_checked_false b-checkbox-list__option_disabled_false">Слово мясника</div><div title="Старейшина" class="b-checkbox-list__option b-checkbox-list__option_checked_false b-checkbox-list__option_disabled_false">Старейшина</div><div title="Стародворские колбасы" class="b-checkbox-list__option b-checkbox-list__option_checked_false b-checkbox-list__option_disabled_false">Стародворские колбасы</div><div title="Стародворье" class="b-checkbox-list__option b-checkbox-list__option_checked_false b-checkbox-list__option_disabled_false">Стародворье</div><div title="Стебель бамбука" class="b-checkbox-list__option b-checkbox-list__option_checked_false b-checkbox-list__option_disabled_false">Стебель бамбука</div><div title="Степ" class="b-checkbox-list__option b-checkbox-list__option_checked_false b-checkbox-list__option_disabled_false">Степ</div><div title="Сытый папа" class="b-checkbox-list__option b-checkbox-list__option_checked_false b-checkbox-list__option_disabled_false">Сытый папа</div><div title="Таранька" class="b-checkbox-list__option b-checkbox-list__option_checked_false b-checkbox-list__option_disabled_false">Таранька</div><div title="Тема" class="b-checkbox-list__option b-checkbox-list__option_checked_false b-checkbox-list__option_disabled_false">Тема</div><div title="Тесей" class="b-checkbox-list__option b-checkbox-list__option_checked_false b-checkbox-list__option_disabled_false">Тесей</div><div title="Три старика" class="b-checkbox-list__option b-checkbox-list__option_checked_false b-checkbox-list__option_disabled_false">Три старика</div><div title="Тысяча озер" class="b-checkbox-list__option b-checkbox-list__option_checked_false b-checkbox-list__option_disabled_false">Тысяча озер</div><div title="Ухтышки" class="b-checkbox-list__option b-checkbox-list__option_checked_false b-checkbox-list__option_disabled_false">Ухтышки</div><div title="Фабрика имени Крупской" class="b-checkbox-list__option b-checkbox-list__option_checked_false b-checkbox-list__option_disabled_false">Фабрика имени Крупской</div><div title="Фанагория" class="b-checkbox-list__option b-checkbox-list__option_checked_false b-checkbox-list__option_disabled_false">Фанагория</div><div title="Фили-Бейкер" class="b-checkbox-list__option b-checkbox-list__option_checked_false b-checkbox-list__option_disabled_false">Фили-Бейкер</div><div title="Фрутоняня" class="b-checkbox-list__option b-checkbox-list__option_checked_false b-checkbox-list__option_disabled_false">Фрутоняня</div><div title="Хлебный дом" class="b-checkbox-list__option b-checkbox-list__option_checked_false b-checkbox-list__option_disabled_false">Хлебный дом</div><div title="Хрутка" class="b-checkbox-list__option b-checkbox-list__option_checked_false b-checkbox-list__option_disabled_false">Хрутка</div><div title="Царская" class="b-checkbox-list__option b-checkbox-list__option_checked_false b-checkbox-list__option_disabled_false">Царская</div><div title="Цезарь" class="b-checkbox-list__option b-checkbox-list__option_checked_false b-checkbox-list__option_disabled_false">Цезарь</div><div title="Чегем" class="b-checkbox-list__option b-checkbox-list__option_checked_false b-checkbox-list__option_disabled_false">Чегем</div><div title="Черкизово" class="b-checkbox-list__option b-checkbox-list__option_checked_false b-checkbox-list__option_disabled_false">Черкизово</div><div title="Черный кабан" class="b-checkbox-list__option b-checkbox-list__option_checked_false b-checkbox-list__option_disabled_false">Черный кабан</div><div title="Четверг" class="b-checkbox-list__option b-checkbox-list__option_checked_false b-checkbox-list__option_disabled_false">Четверг</div><div title="Чистая линия" class="b-checkbox-list__option b-checkbox-list__option_checked_false b-checkbox-list__option_disabled_false">Чистая линия</div><div title="Чёрная карта" class="b-checkbox-list__option b-checkbox-list__option_checked_false b-checkbox-list__option_disabled_false">Чёрная карта</div><div title="Шарлиз" class="b-checkbox-list__option b-checkbox-list__option_checked_false b-checkbox-list__option_disabled_false">Шарлиз</div><div title="Шебекинские" class="b-checkbox-list__option b-checkbox-list__option_checked_false b-checkbox-list__option_disabled_false">Шебекинские</div><div title="Шишкин лес" class="b-checkbox-list__option b-checkbox-list__option_checked_false b-checkbox-list__option_disabled_false">Шишкин лес</div><div title="Шоколадница" class="b-checkbox-list__option b-checkbox-list__option_checked_false b-checkbox-list__option_disabled_false">Шоколадница</div><div title="Шоколадное" class="b-checkbox-list__option b-checkbox-list__option_checked_false b-checkbox-list__option_disabled_false">Шоколадное</div><div title="Щедрые" class="b-checkbox-list__option b-checkbox-list__option_checked_false b-checkbox-list__option_disabled_false">Щедрые</div><div title="Эго" class="b-checkbox-list__option b-checkbox-list__option_checked_false b-checkbox-list__option_disabled_false">Эго</div><div title="Экомилк" class="b-checkbox-list__option b-checkbox-list__option_checked_false b-checkbox-list__option_disabled_false">Экомилк</div><div title="Эшера" class="b-checkbox-list__option b-checkbox-list__option_checked_false b-checkbox-list__option_disabled_false">Эшера</div><div title="Юбилейное" class="b-checkbox-list__option b-checkbox-list__option_checked_false b-checkbox-list__option_disabled_false">Юбилейное</div><div title="Яровое поле" class="b-checkbox-list__option b-checkbox-list__option_checked_false b-checkbox-list__option_disabled_false">Яровое поле</div><div title="Ясно Солнышко" class="b-checkbox-list__option b-checkbox-list__option_checked_false b-checkbox-list__option_disabled_false">Ясно Солнышко</div><div title="Яшкино" class="b-checkbox-list__option b-checkbox-list__option_checked_false b-checkbox-list__option_disabled_false">Яшкино</div><div title="№1" class="b-checkbox-list__option b-checkbox-list__option_checked_false b-checkbox-list__option_disabled_false">№1</div></div></div></div></div> <div class="b-accordion b-accordion_disabled_false"><div class="b-accordion__root"><div class="b-accordion__item1"><div class="b-accordion__item1-title b-accordion__item1-title_current_true b-accordion__item1-title_disabled_false b-accordion__item1-title_opened_false">Все категории</div> <!----></div><div class="b-accordion__item1"><a href="/sankt-peterburg/retailers/5ka?segment=food" class="b-accordion__item1-title b-accordion__item1-title_selected_false b-accordion__item1-title_opened_false">Продукты</a> <!----></div><div class="b-accordion__item1"><a href="/sankt-peterburg/retailers/5ka?segment=alcohol" class="b-accordion__item1-title b-accordion__item1-title_selected_false b-accordion__item1-title_opened_false">Алкоголь</a> <!----></div><div class="b-accordion__item1"><a href="/sankt-peterburg/retailers/5ka?segment=home-stuff" class="b-accordion__item1-title b-accordion__item1-title_selected_false b-accordion__item1-title_opened_false">Для дома</a> <!----></div><div class="b-accordion__item1"><a href="/sankt-peterburg/retailers/5ka?segment=cosmetics-hygiene" class="b-accordion__item1-title b-accordion__item1-title_selected_false b-accordion__item1-title_opened_false">Косметика и гигиена</a> <!----></div><div class="b-accordion__item1"><a href="/sankt-peterburg/retailers/5ka?segment=for-kids" class="b-accordion__item1-title b-accordion__item1-title_selected_false b-accordion__item1-title_opened_false">Для детей</a> <!----></div><div class="b-accordion__item1"><a href="/sankt-peterburg/retailers/5ka?segment=pet-supplies" class="b-accordion__item1-title b-accordion__item1-title_selected_false b-accordion__item1-title_opened_false">Зоотовары</a> <!----></div><div class="b-accordion__item1"><a href="/sankt-peterburg/retailers/5ka?segment=mkt-summer-residence-garden-and-kitchen-garden-953" class="b-accordion__item1-title b-accordion__item1-title_selected_false b-accordion__item1-title_opened_false">Дача, сад и огород</a> <!----></div></div></div> <div id="sidebar_place" class="p-retailer__rtb-block p-retailer__rtb-block_type_sidebar"><div id="rtb-R-I-338751-2-6-acdd78a1ab694" class="rtb-output-1def1a5ba5195a"><yatag class="h36bd0a9a j7d442c48"><style type="text/css">.j7d442c48{opacity: !important;white-space:normal !important;visibility:visible !important}.j7d442c48,.j7d442c48 yatag{display:block !important;font-family:inherit !important}.j7d442c48,.j7d442c48,.j7d442c48 a,.j7d442c48 b,.j7d442c48 em,.j7d442c48 iframe,.j7d442c48 img,.j7d442c48 table,.j7d442c48 tbody,.j7d442c48 td,.j7d442c48 tr,.j7d442c48 yatag{-webkit-box-sizing:content-box !important;box-sizing:content-box !important;color:inherit !important;font-size:inherit !important;font-weight:inherit !important;-webkit-hyphens:manual !important;-ms-hyphens:manual !important;hyphens:manual !important;-webkit-transition:none !important;-o-transition:none !important;transition:none !important}.j7d442c48,.j7d442c48 a,.j7d442c48 b,.j7d442c48 em,.j7d442c48 iframe,.j7d442c48 img,.j7d442c48 table,.j7d442c48 tbody,.j7d442c48 td,.j7d442c48 tr{background:none !important;border:none !important;border-radius:0 !important;border-spacing:0 !important;border-collapse:collapse !important;clear:none !important;float:none !important;font-variant:normal !important;letter-spacing:normal !important;line-height:normal !important;margin:0 !important;max-height:none !important;max-width:none !important;min-height:0 !important;min-width:0 !important;outline:none !important;padding:0 !important;position:static !important;text-align:left !important;text-decoration:none !important;text-indent:0 !important;text-transform:none !important;vertical-align:baseline !important;visibility:inherit !important;word-spacing:normal !important}.j7d442c48,.j7d442c48 a,.j7d442c48 b,.j7d442c48 em,.j7d442c48 img,.j7d442c48 table,.j7d442c48 tbody,.j7d442c48 td,.j7d442c48 tr{height:auto !important}.j7d442c48 table{display:table !important;empty-cells:hide !important;table-layout:fixed !important}.j7d442c48 table,.j7d442c48 td{font-size:100% !important}.j7d442c48 td{display:table-cell !important;vertical-align:middle !important}.j7d442c48{width:auto !important;height:auto !important;overflow:visible !important}.j7d442c48 .e21519817{position:relative !important;margin:auto !important;display:-webkit-box !important;display:-ms-flexbox !important;display:flex !important;-webkit-box-pack:center !important;-ms-flex-pack:center !important;justify-content:center !important;-webkit-box-align:center !important;-ms-flex-align:center !important;align-items:center !important;overflow:hidden !important}.j7d442c48 .o942ed237{padding:10px 16px 86px !important}.j7d442c48 .q29ee3838,.j7d442c48 .w867c239a{position:absolute !important;z-index:1 !important;top:0 !important;left:0 !important;right:0 !important;bottom:0 !important;width:100% !important;height:100% !important;display:none !important}.j7d442c48 .b7f1d569f{width:100% !important;height:100% !important;position:absolute !important;pointer-events:none !important}.j7d442c48 .e74783a50{position:relative !important;z-index:2 !important}.j7d442c48 .l9381b27{position:relative !important;top:0 !important;left:0 !important;width:100% !important;height:100% !important;-webkit-transform-origin:0 0 !important;transform-origin:0 0 !important}.j7d442c48 .l9381b27 iframe{position:absolute !important;top:0 !important;left:0 !important;width:100% !important;height:100% !important}.j7d442c48 .ecafee6f8{position:absolute !important;width:100% !important;right:0 !important;top:0 !important;z-index:20 !important}.j7d442c48 .vae5eeae0{position:absolute !important;z-index:21 !important;top:0 !important;left:0 !important;width:100% !important;height:100% !important}.j7d442c48 .b3adc0a12{position:absolute !important;top:0 !important;left:0 !important;z-index:10 !important;height:16px !important;padding:0 4px !important;font-size:11px !important;line-height:16px !important;color:#000 !important;text-decoration:none !important;background:#fff !important;border:1px solid #e5e5e5 !important;border-bottom-right-radius:3px !important;cursor:pointer !important}.j7d442c48 .he0a3a1d6{border:1px solid #303050 !important}.j7d442c48 .p4be3832{max-width:100% !important;max-height:100% !important}.j7d442c48 .p4be3832 .q29ee3838,.j7d442c48 .p4be3832 .w867c239a{display:block !important}.j7d442c48 .p4be3832 .w867c239a{-webkit-filter:blur(10px) saturate(0) contrast(400%) !important;filter:blur(10px) saturate(0) contrast(400%) !important}.j7d442c48 .p4be3832 .q29ee3838{background-color:rgba(38,38,38,.9) !important}.j7d442c48 .j522bab94{-webkit-box-pack:start !important;-ms-flex-pack:start !important;justify-content:flex-start !important}.j7d442c48 .j66789620,.j7d442c48 .s6c332f48{visibility:hidden !important;opacity:0 !important}.j7d442c48 .s6c332f48{max-width:1px !important;max-height:1px !important}.j7d442c48 .id641612{position:absolute !important;bottom:20px !important;left:16px !important;right:16px !important;z-index:3 !important;display:-webkit-box !important;display:-ms-flexbox !important;display:flex !important}@media (orientation:landscape){.j7d442c48 .id641612{margin:0 auto !important;width:260px !important}}.j7d442c48 .n2f69a781{height:48px !important;line-height:48px !important;font-size:16px !important;border-radius:8px !important;text-align:center !important;font-weight:700 !important;-ms-flex-item-align:stretch !important;align-self:stretch !important;padding:0 20px !important;white-space:nowrap !important;min-width:0 !important}.j7d442c48 .uddb4423a{background:-webkit-gradient(linear,left top,left bottom,from(#efefef),to(#e5e5e5)) !important;background:-o-linear-gradient(top,#efefef 0,#e5e5e5 100%) !important;background:linear-gradient(180deg,#efefef,#e5e5e5) !important;margin-right:8px !important;-webkit-box-flex:2 !important;-ms-flex:2 1 !important;flex:2 1 !important}.j7d442c48 .ofad6c5e4{background:-webkit-gradient(linear,left top,right top,color-stop(-40%,#f60),color-stop(20%,rgba(255,102,0,0))),-webkit-gradient(linear,right top,left top,color-stop(-40%,#f60),color-stop(20%,rgba(255,102,0,0))),-webkit-gradient(linear,left bottom,left top,color-stop(-80%,#f60),color-stop(80%,#fd0)) !important;background:-o-linear-gradient(left,#f60 -40%,rgba(255,102,0,0) 20%),-o-linear-gradient(right,#f60 -40%,rgba(255,102,0,0) 20%),-o-linear-gradient(bottom,#f60 -80%,#fd0 80%) !important;background:linear-gradient(90deg,#f60 -40%,rgba(255,102,0,0) 20%),linear-gradient(270deg,#f60 -40%,rgba(255,102,0,0) 20%),linear-gradient(0deg,#f60 -80%,#fd0 80%) !important;-webkit-box-flex:3 !important;-ms-flex:3 1 !important;flex:3 1 !important}.j7d442c48 .k24d7cd0e{display:inline-block !important;margin-left:8px !important}.j7d442c48 .kf2576b27{position:absolute !important;left:-1000px !important;top:-1000px !important;width:1px !important;height:1px !important;display:block !important}.j7d442c48 .w56345d29{cursor:pointer !important;position:absolute !important;right:4px !important;top:4px !important;z-index:10 !important}.j7d442c48 .uf6f4f67c.w56345d29{display:-webkit-box !important;display:-ms-flexbox !important;display:flex !important;-webkit-box-align:center !important;-ms-flex-align:center !important;align-items:center !important;-webkit-box-pack:center !important;-ms-flex-pack:center !important;justify-content:center !important;pointer-events:auto !important;border-radius:50% !important;-webkit-user-select:none !important;-moz-user-select:none !important;-ms-user-select:none !important;user-select:none !important;-webkit-tap-highlight-color:transparent !important}.j7d442c48 .uf6f4f67c.w56345d29:before{content:"" !important;position:absolute !important;top:-4px !important;left:50% !important;-webkit-transform:translateX(-50%) !important;transform:translateX(-50%) !important}.j7d442c48 .uf6f4f67c.w56345d29:hover .r280c7819{opacity:.8 !important}.j7d442c48 .uf6f4f67c.w56345d29.r8e22e7d2 .r280c7819{background-color:#fff !important;opacity:.8 !important}.j7d442c48 .uf6f4f67c.w56345d29.r8e22e7d2 .rcc8bb157 svg{fill:#575c66 !important}.j7d442c48 .uf6f4f67c.w56345d29.h9b77634a .r280c7819,.j7d442c48 .uf6f4f67c.w56345d29.ic8e0b828 .r280c7819{background:none !important}.j7d442c48 .uf6f4f67c.w56345d29.h9b77634a:hover{background-color:#e9e9e9 !important}.j7d442c48 .uf6f4f67c.w56345d29.h9b77634a .rcc8bb157 svg{fill:#242526 !important}.j7d442c48 .uf6f4f67c.w56345d29.h9b77634a .n520366b{color:#242526 !important}.j7d442c48 .uf6f4f67c.w56345d29.ic8e0b828:hover{background-color:rgba(248,250,255,.2) !important}.j7d442c48 .uf6f4f67c.w56345d29.ic8e0b828 .rcc8bb157 svg{fill:#fff !important}.j7d442c48 .uf6f4f67c.w56345d29.ic8e0b828 .n520366b{color:#fff !important}.j7d442c48 .uf6f4f67c.id542e1c7{width:12px !important;height:12px !important}.j7d442c48 .uf6f4f67c.id542e1c7:before{width:28px !important;height:28px !important}.j7d442c48 .uf6f4f67c.id542e1c7 .rcc8bb157{-webkit-transform:scale(.6) !important;transform:scale(.6) !important}.j7d442c48 .uf6f4f67c.qd3eeaa7f{width:16px !important;height:16px !important}.j7d442c48 .uf6f4f67c.qd3eeaa7f:before{width:32px !important;height:32px !important}.j7d442c48 .uf6f4f67c.qd3eeaa7f .rcc8bb157{-webkit-transform:scale(.8) !important;transform:scale(.8) !important}.j7d442c48 .uf6f4f67c.v8a568b21{width:24px !important;height:24px !important}.j7d442c48 .uf6f4f67c.v8a568b21:before{width:42px !important;height:42px !important}.j7d442c48 .uf6f4f67c.e6b22fd00{width:28px !important;height:28px !important}.j7d442c48 .uf6f4f67c.e6b22fd00:before{width:42px !important;height:42px !important}.j7d442c48 .uf6f4f67c.j5c1bd958{width:32px !important;height:32px !important}.j7d442c48 .uf6f4f67c.j5c1bd958:before{width:48px !important;height:48px !important}.j7d442c48 .r280c7819{height:100% !important;width:100% !important;position:absolute !important;top:0 !important;left:0 !important;z-index:-1 !important;border-radius:inherit !important;-webkit-transition:opacity .15s !important;-o-transition:opacity .15s !important;transition:opacity .15s !important;-webkit-transition:background-color .5s ease-in-out !important;-o-transition:background-color .5s ease-in-out !important;transition:background-color .5s ease-in-out !important}.j7d442c48 .r280c7819.b292efad6{background:rgba(26,43,77,.4) !important;color:#fff !important}.j7d442c48 .r280c7819.b292efad6:hover{opacity:.5 !important}.j7d442c48 .r280c7819.f45a9be34{background:hsla(0,0%,100%,.8) !important;color:#3a3c40 !important}.j7d442c48 .r280c7819.f45a9be34:hover{opacity:.9 !important}.j7d442c48 .r280c7819.j76402753{background:none !important}.j7d442c48 .uf6f4f67c .rcc8bb157{display:-webkit-box !important;display:-ms-flexbox !important;display:flex !important;-webkit-box-align:center !important;-ms-flex-align:center !important;align-items:center !important;-webkit-box-pack:center !important;-ms-flex-pack:center !important;justify-content:center !important;pointer-events:none !important}.j7d442c48 .uf6f4f67c .rcc8bb157.b292efad6 svg{fill:#fff !important}.j7d442c48 .uf6f4f67c .rcc8bb157.b292efad6 svg,.j7d442c48 .uf6f4f67c .rcc8bb157.f45a9be34 svg{-webkit-transition:fill .5s ease-in-out !important;-o-transition:fill .5s ease-in-out !important;transition:fill .5s ease-in-out !important}.j7d442c48 .uf6f4f67c .rcc8bb157.f45a9be34 svg{fill:#242526 !important}.j7d442c48 .n520366b{display:-webkit-box !important;display:-ms-flexbox !important;display:flex !important;-webkit-box-align:center !important;-ms-flex-align:center !important;align-items:center !important;-webkit-box-pack:center !important;-ms-flex-pack:center !important;justify-content:center !important;pointer-events:none !important}.j7d442c48 .n520366b.b292efad6{color:#fff !important}.j7d442c48 .n520366b.f45a9be34{color:#242526 !important}@-webkit-keyframes f6cf41f39{0%,to{opacity:0 !important;visibility:hidden !important}4%,96%{visibility:visible !important;opacity:1 !important}}@keyframes f6cf41f39{0%,to{opacity:0 !important;visibility:hidden !important}4%,96%{visibility:visible !important;opacity:1 !important}}@media (hover:hover) and (pointer:fine){.j7d442c48 .se98c27d8:hover .m6ff44f03{opacity:0 !important;visibility:hidden !important}.j7d442c48 .se98c27d8:hover .f52914a36{visibility:visible !important;opacity:1 !important}.j7d442c48 .se98c27d8[data-active]:hover .f52914a36{opacity:0 !important;visibility:hidden !important}.j7d442c48 .se98c27d8[data-active]:hover .m6ff44f03{visibility:visible !important;opacity:1 !important}}.j7d442c48 .se98c27d8.i9af3c68{right:45px !important}.j7d442c48 .se98c27d8.i9af3c68 .p66bbe2c3.m6ff44f03{-webkit-transform:translateX(41px) !important;transform:translateX(41px) !important}.j7d442c48 .se98c27d8.i9af3c68 .p66bbe2c3.m6ff44f03 .ha944f37a{-webkit-transform:translateX(-43px) !important;transform:translateX(-43px) !important}.j7d442c48 .se98c27d8{right:36px !important;width:32px !important}.j7d442c48 .se98c27d8[data-active] svg{color:#ee4f4f !important;fill:#ee4f4f !important}.j7d442c48 .se98c27d8[data-active] .m6ff44f03{-webkit-animation:f6cf41f39 8s linear !important;animation:f6cf41f39 8s linear !important}.j7d442c48 .se98c27d8 .p66bbe2c3{position:absolute !important;color:#fff !important;opacity:0 !important;visibility:hidden !important;white-space:nowrap !important;top:29px !important;right:50% !important;-webkit-transform:translateX(50%) !important;transform:translateX(50%) !important;background:#343334 !important;border-radius:6px !important;padding:0 8px !important;height:24px !important;line-height:24px !important;font-size:11px !important;-webkit-transition:all .2s !important;-o-transition:all .2s !important;transition:all .2s !important}.j7d442c48 .se98c27d8 .p66bbe2c3.m6ff44f03{-webkit-transform:translateX(32px) !important;transform:translateX(32px) !important;right:0 !important}.j7d442c48 .se98c27d8 .p66bbe2c3.m6ff44f03 .ha944f37a{right:0 !important;-webkit-transform:translateX(-34px) !important;transform:translateX(-34px) !important}.j7d442c48 .se98c27d8 .p66bbe2c3 .acea5627e{font-size:11px !important}.j7d442c48 .se98c27d8 .p66bbe2c3 .ha944f37a{width:28px !important;height:8px !important;position:absolute !important;top:-6px !important;right:50% !important;-webkit-transform:translateX(50%) !important;transform:translateX(50%) !important;display:-webkit-box !important;display:-ms-flexbox !important;display:flex !important;-webkit-box-align:center !important;-ms-flex-align:center !important;align-items:center !important;-webkit-box-pack:center !important;-ms-flex-pack:center !important;justify-content:center !important}.j7d442c48 .se98c27d8 .p66bbe2c3 .p2bfb0763{color:#ffd400 !important;text-decoration:none !important;text-transform:lowercase !important}.j7d442c48 .sb7df4850{margin-left:2px !important;pointer-events:auto !important;font-family:inherit !important;position:relative !important;-ms-flex-item-align:center !important;align-self:center !important}.j7d442c48 .wf74a9075{display:-webkit-box !important;display:-ms-flexbox !important;display:flex !important;-webkit-box-align:center !important;-ms-flex-align:center !important;align-items:center !important;cursor:pointer !important;position:absolute !important;left:4px !important;top:4px !important;z-index:10 !important;font-family:Helvetica,Arial,sans-serif !important;white-space:nowrap !important;height:12px !important;line-height:normal !important;-webkit-box-sizing:border-box !important;box-sizing:border-box !important;padding:0 4px !important;color:hsla(0,0%,100%,.8) !important;border-radius:16px !important;font-size:8px !important;text-transform:uppercase !important;letter-spacing:.125em !important;pointer-events:none !important;-webkit-transition:color .5s ease-in-out !important;-o-transition:color .5s ease-in-out !important;transition:color .5s ease-in-out !important}.j7d442c48 .wf74a9075,.j7d442c48 .wf74a9075>a{text-decoration:none !important}.j7d442c48 .wf74a9075>a{color:inherit !important}.j7d442c48 .wf74a9075.r8e22e7d2{color:#575c66 !important;background-color:#fff !important;opacity:.8 !important}.j7d442c48 .wf74a9075.h9b77634a,.j7d442c48 .wf74a9075.f45a9be34{color:#3a3c40 !important}.j7d442c48 .wf74a9075.f45a9be34{background:hsla(0,0%,100%,.8) !important}.j7d442c48 .wf74a9075.b292efad6,.j7d442c48 .wf74a9075.ic8e0b828{color:#fff !important}.j7d442c48 .wf74a9075.b292efad6{background:rgba(26,43,77,.4) !important}.j7d442c48 .wf74a9075.b4e81ad15,.j7d442c48 .wf74a9075.a84627c29{top:auto !important;left:auto !important;right:0 !important;bottom:0 !important;background:none !important;text-shadow:none !important;font-size:7px !important;padding:0 !important;height:auto !important;opacity:.8 !important;-webkit-backdrop-filter:none !important;backdrop-filter:none !important}.j7d442c48 .wf74a9075.j76402753{background:none !important}.j7d442c48 .wf74a9075.b8f3aa05{max-width:calc(100% - 42px) !important}.j7d442c48 .kb599b41a{margin:0 2px !important}.j7d442c48 .c37b30756{text-decoration:none !important;pointer-events:auto !important;color:inherit !important}.j7d442c48 .c55327b1d{position:absolute !important;right:-2px !important;top:0 !important;z-index:9 !important;pointer-events:auto !important}.j7d442c48 .m7b3060f0{background:red !important}</style><yatag class="kf2576b27"></yatag><yatag class="e21519817 m5f0e643f i1ff27fa3"><yatag class="e74783a50" style="width: 300px !important; height: 600px !important;"><yatag id="ya_partner_R-I-338751-2-6" class="l9381b27" style="width: 300px !important; height: 600px !important;"><iframe frameborder="no" scrolling="no" allowtransparency="true" hidefocus="true" tabindex="-1" marginwidth="0" marginheight="0" src="https://yastatic.net/safeframe-bundles/0.83/1-1-0/render.html" id="id7206" style="opacity: 1;"></iframe></yatag><yatag class="wf74a9075 r8e22e7d2" data-test="AdKebabAndLabel--adLabelContent" data-label="true">Реклама</yatag><yatag class="ecafee6f8 sd2dcca7e r741777e"><yatag data-close="true" data-new-adtune="true" data-sticky-adtune="false" class="uf6f4f67c w56345d29 r8e22e7d2 v8a568b21"><yatag class="r280c7819 j76402753"></yatag><yatag class="rcc8bb157"><svg width="8" height="20" viewBox="0 0 8 20" fill="white" xmlns="http://www.w3.org/2000/svg"><circle cx="4" cy="4" r="1.5"></circle><circle cx="4" cy="10" r="1.5"></circle><circle cx="4" cy="16" r="1.5"></circle></svg></yatag></yatag></yatag></yatag></yatag></yatag></div></div></div></div></div> <div class="b-loader b-root__loader b-loader_disabled_false b-loader_size_m b-loader_show_false b-loader_deffer-hiding_true"><div class="b-loader__root"><div class="b-loader__container"></div></div></div></div> <footer class="b-footer b-footer_disabled_false b-root__footer"><span class="b-footer__root"><div class="b-footer__footer-line"><div class="b-footer__container"><div class="b-footer__column"><div class="b-footer__link">Помощь</div><a href="https://corp.edadeal.ru/help" class="b-footer__link">Инструкции и советы</a> <a href="https://feedback.edadeal.ru/default" class="b-footer__link">Написать в поддержку</a> <a href="https://corp.edadeal.ru/legal" class="b-footer__link">Правовые документы</a></div><div class="b-footer__column"><div class="b-footer__link">Партнерство</div><a href="https://business.edadeal.ru" class="b-footer__link">Едадил для бизнеса</a></div><div class="b-footer__column"><div class="b-footer__link">Едадил в соцсетях</div><a href="https://vk.com/edadeal" class="b-footer__link">ВКонтакте</a> <a href="https://t.me/edadeal_official" class="b-footer__link">Телеграм</a></div><div class="b-footer__column"><div class="b-footer__link">Для СМИ</div><a href="mailto:pr@yandex-team.ru" class="b-footer__link b-footer__link_type_mailto">pr@yandex-team.ru</a></div><div class="b-footer__column"><div class="b-footer__link">Правообладателям</div><a href="https://corp.edadeal.ru/legal#copyright" class="b-footer__link">О предъявлении претензий</a></div></div></div> <div class="b-footer__footer-line"><div class="b-footer__container"><div class="b-footer__column"><div class="b-footer__copyright">© Едадил, 2022</div> <div class="b-footer__version"><div class="b-footer__semver">v4.10.0</div> <div class="b-footer__build">(b: 76e1987d134280)</div></div></div> <div class="b-footer__description">App Store является знаком обслуживания компании Apple Inc. Google Play и логотип Google Play<br> являются товарными знаками корпорации Google LLC. HUAWEI и логотип HUAWEI являются товарными<br> знаками компании Huawei Technologies Co., Ltd.</div></div></div></span></footer></div> <div class="b-action-message b-action-message_disabled_false"><div class="b-action-message__root"></div></div> <div class="b-action-message b-action-message_disabled_false"><div class="b-action-message__root"></div></div>   <!----></div> <iframe src="https://sso.passport.yandex.ru/pull?origin=https%3A%2F%2Fedadeal.ru%2Fsankt-peterburg%2Fretailers%2F5ka%3Fpage%3D3&amp;uuid=7d6dd23b-d046-466a-9ec2-db6df13ad561" style="position: absolute; left: -1000px; top: -1000px;"></iframe><style nonce="">.rtb-output-1def1a5ba5195a {display:-webkit-box;display:-ms-flexbox;display:flex;-webkit-box-pack:center;-ms-flex-pack:center;justify-content:center;width:100%;height:auto;}</style><div style="position: fixed; left: -99px;"><div id="0aa43cbaa3"><iframe frameborder="no" scrolling="no" allowtransparency="true" hidefocus="true" tabindex="-1" marginwidth="0" marginheight="0" src="https://yastatic.net/safeframe-bundles/0.83/1-1-0/render.html" id="id2045" style="opacity: 1;"></iframe></div></div></body></html>