<html><head> <meta charset="utf-8"> <title>Каталог магазина "Пятёрочка" - Акции с 1 августа по 31 августа</title> <link crossorigin="use-credentials" rel="manifest" href="https://edadeal.ru/manifest.json"> <meta name="description" content="Скидки и акции в магазине &quot;Пятёрочка&quot; на сегодня в Санкт-Петербурге. Актуальный каталог скидок c 1&nbsp;августа по 31&nbsp;августа на сайте и в мобильном приложении. Узнайте, где покупать дешевле и экономьте до 50% уже сегодня c Едадил."> <meta name="viewport" content="width=device-width, initial-scale=1.0, viewport-fit=cover, user-scalable=yes"> <meta name="fragment" content="!">  <meta name="google-site-verification" content="5isjz1gObpPn7PREXwtlGeFu6h7rNcYIEvFU6hLeeNI"> <script type="text/javascript" nonce="" async="" src="https://mc.yandex.ru/metrika/watch.js"></script><script type="application/ld+json" nonce="">{ "@context": "http://schema.org", "@type": "WebSite", "name": "Едадил", "alternateName": "Edadeal", "url": "https://edadeal.ru" }</script> <meta name="theme-color" content="#27ae61"> <link rel="icon" type="image/png" sizes="32x32" href="https://yastatic.net/s3/edadeal-public-static/web/app/dfbc5fa9134017/static/img/favicon-32x32.png"><link rel="icon" type="image/png" sizes="96x96" href="https://yastatic.net/s3/edadeal-public-static/web/app/dfbc5fa9134017/static/img/favicon-96x96.png"><link rel="icon" type="image/png" sizes="16x16" href="https://yastatic.net/s3/edadeal-public-static/web/app/dfbc5fa9134017/static/img/favicon-16x16.png"> <link rel="icon" href="https://yastatic.net/s3/edadeal-public-static/web/app/dfbc5fa9134017/static/img/favicon.ico">  <meta property="og:url" content="https://edadeal.ru/sankt-peterburg/retailers/5ka"><meta property="og:watson" content="https://leonardo.edadeal.io/dyn/re/retailers/images/icons/sq/06c522eb34f54fed99665f69cb0794b7.png?res=l"><meta property="og:type" content="website"><meta property="og:site_name" content="Едадил"><meta property="og:title" content="Каталог магазина &quot;Пятёрочка&quot; - Акции с 1 августа по 31 августа"><meta property="og:image" content="https://yastatic.net/s3/edadeal-public-static/web/app/dfbc5fa9134017/static/img/share_pic.png"><meta property="og:image:width" content="1200"><meta property="og:image:height" content="628"> <meta property="twitter:card" content="summary_large_image"><meta property="twitter:site" content="@edadeal_tw"><meta property="twitter:creator" content="@edadeal_tw"><meta property="twitter:title" content="Каталог магазина &quot;Пятёрочка&quot; - Акции с 1 августа по 31 августа"><meta property="twitter:description" content="Скидки и акции в магазине &quot;Пятёрочка&quot; на сегодня в Санкт-Петербурге. Актуальный каталог скидок c 1&nbsp;августа по 31&nbsp;августа на сайте и в мобильном приложении. Узнайте, где покупать дешевле и экономьте до 50% уже сегодня c Едадил."><meta property="twitter:image" content="https://yastatic.net/s3/edadeal-public-static/web/app/dfbc5fa9134017/static/img/share_pic.png"> <link rel="canonical" href="https://edadeal.ru/sankt-peterburg/retailers/5ka"> <script type="text/javascript" nonce="">!function(n,i){if(n.Ya=n.Ya||{},Ya.Rum)throw new Error("Rum: interface is already defined");var e=n.performance,t=e&&e.timing&&e.timing.navigationStart||Ya.startPageLoad||+new Date,a=n.requestAnimationFrame,s=Ya.Rum={enabled:!!e,vsStart:document.visibilityState,vsChanged:!1,_defTimes:[],_defRes:[],_deltaMarks:{},_markListeners:{},_settings:{},_vars:{},init:function(n,i){s._settings=n,s._vars=i},getTime:e&&e.now?function(){return e.now()}:Date.now?function(){return Date.now()-t}:function(){return new Date-t},time:function(n){s._deltaMarks[n]=[s.getTime()]},timeEnd:function(n,i){var e=s._deltaMarks[n];e&&0!==e.length&&e.push(s.getTime(),i)},sendTimeMark:function(n,i,e,t){void 0===i&&(i=s.getTime()),s._defTimes.push([n,i,t]),s.mark(n,i)},sendDelta:function(n,i,e){var t=s._deltaMarks;if(!t[n]&&void 0!==i){var a=s.getTime();t[n]=[a-i,a,e]}},sendResTiming:function(n,i){s._defRes.push([n,i])},sendRaf:function(n){var i=s.getSetting("forcePaintTimeSending");if(a&&(i||!s.isVisibilityChanged())){var e="2616."+n;a(function(){!i&&s.isVisibilityChanged()||(s.getSetting("sendFirstRaf")&&s.sendTimeMark(e+".205"),a(function(){!i&&s.isVisibilityChanged()||s.sendTimeMark(e+".1928")}))})}},isVisibilityChanged:function(){return s.vsStart&&("visible"!==s.vsStart||s.vsChanged)},mark:e&&e.mark?function(n,i){e.mark(n+(i?": "+i:""))}:function(){},getSetting:function(n){var i=s._settings[n];return null===i?null:i||""},on:function(n,i){"function"==typeof i&&(s._markListeners[n]=s._markListeners[n]||[]).push(i)},sendTrafficData:function(){},finalizeLayoutShiftScore:function(){},finalizeLargestContentfulPaint:function(){},getLCPAdditionalParams:function(){}};document.addEventListener&&document.addEventListener("visibilitychange",function n(){Ya.Rum.vsChanged=!0,document.removeEventListener("visibilitychange",n)})}(window);</script><script type="text/javascript" nonce="">!function(){if(window.PerformanceLongTaskTiming){var e=function(e,n){return(e=e.concat(n)).length>300&&(e=e.slice(e.length-300)),e},n=Ya.Rum._tti={events:[],eventsAfterTTI:[],fired:!1,observer:new PerformanceObserver(function(r){var t=r.getEntries();n.events=e(n.events,t),n.fired&&(n.eventsAfterTTI=e(n.eventsAfterTTI,t))})};n.observer.observe({entryTypes:["longtask"]})}}();</script> <script type="text/javascript" nonce="">var GLOBAL_NONCE = "ulVlw0IDoc6M3TLskn6nDw==";</script> <script type="text/javascript" nonce="">!function(e,t,a){(t[a]=t[a]||[]).push(function(){try{t.yaCounter=new Ya.Metrika({id:34675050,clickmap:!0,trackLinks:!0,accurateTrackBounce:!0,webvisor:!0,trackHash:!0})}catch(e){}});var n=e.getElementsByTagName("script")[0],c=e.createElement("script"),r=function(){n.parentNode.insertBefore(c,n)};c.type="text/javascript","undefined"!=typeof GLOBAL_NONCE&&c.setAttribute("nonce",GLOBAL_NONCE),c.async=!0,c.src="https://mc.yandex.ru/metrika/watch.js","[object Opera]"==t.opera?e.addEventListener("DOMContentLoaded",r,!1):r()}(document,window,"yandex_metrika_callbacks");</script> <!--Global site tag (gtag.js) - AdWords: 942218954 --> <link rel="preconnect" href="https://yastatic.net"><link rel="preconnect" href="https://usr.edadeal.ru"><link rel="preconnect" href="https://api.edadeal.ru"><link rel="preconnect" href="https://teleport.edadeal.ru"><link rel="preconnect" href="https://susanin.edadeal.ru"> <script src="https://sso.edadeal.ru/st/js/v1/mda2.1.min.js" nonce=""></script> <script type="text/javascript" nonce="">var $M=document.documentElement.clientWidth<960;$M||document.write('<script type="text/javascript" nonce="ulVlw0IDoc6M3TLskn6nDw==" src="https://yastatic.net/pcode/adfox/loader.js" crossorigin="anonymous"><\/script><script type="text/javascript" nonce="ulVlw0IDoc6M3TLskn6nDw==">function gtag(){dataLayer.push(arguments)}window.dataLayer=window.dataLayer||[],gtag("js",new Date),gtag("config","AW-942218954");<\/script>'); </script><script type="text/javascript" nonce="" src="https://yastatic.net/pcode/adfox/loader.js" crossorigin="anonymous"></script><link rel="preconnect" href="https://yastatic.net/"><link rel="preconnect" href="https://avatars.mds.yandex.net/"><link rel="preconnect" href="https://mc.yandex.ru/"><link rel="preconnect" href="https://ads.adfox.ru"><script charset="utf-8" src="https://yastatic.net/partner-code-bundles/624038/c8076926ac4cf8fae1f4.js" crossorigin="anonymous" importance="high"></script><script charset="utf-8" src="https://yastatic.net/partner-code-bundles/624038/12dfbcb6c22d469c53ec.js" crossorigin="anonymous" importance="high"></script><script async="" crossorigin="anonymous" src="https://yastatic.net/safeframe-bundles/0.83/host.js"></script><meta id="https://yastatic.net/partner-code-bundles/624038/context_static.js"><script charset="utf-8" src="https://yastatic.net/partner-code-bundles/624038/40f0183e9bc15d1c5bd5.js" crossorigin="anonymous" importance="high"></script><script type="text/javascript" nonce="">function gtag(){dataLayer.push(arguments)}window.dataLayer=window.dataLayer||[],gtag("js",new Date),gtag("config","AW-942218954");</script> <script type="text/javascript" nonce="">var BUILD_ID="dfbc5fa9134017",GLOBAL_NONCE="ulVlw0IDoc6M3TLskn6nDw==",MANIFEST={"p-coupons-redirect":["p-pages-redirect"],"p-retailer":["p-offers"],$:["libs.js","base"]},ENVIRONMENT="production",VERSION="4.9.5",BLENDER=!1,CLIENT_BASE_URL="https://yastatic.net/s3/edadeal-public-static/web/app/dfbc5fa9134017/client",STATIC_PATH="https://yastatic.net/s3/edadeal-public-static/web/app/dfbc5fa9134017/static",RTB_BLOCKS=$M?{offers:"R-I-338786-1",footer:"R-I-338786-2",offer:"R-I-338786-6",offer_top:"R-I-338786-146"}:{pagination:"R-I-338751-1",sidebar:"R-I-338751-2",offer:"R-I-338751-9",cashback:"R-I-338751-4",mainpage:"R-I-338751-6",sidebar_middle:"R-I-338751-5",offers_horizontal:"R-I-338751-7",offers_cards:"R-I-338751-8",cashbacks_horizontal:"R-I-338751-7",cashbacks_cards:"R-I-338751-8",sku:"R-I-338751-3"},RTB_PARAMS={},ANALYTICS={logInConsole:!1},COLLECTION_LOCAL_CACHE_ATTRS={nonce:"ulVlw0IDoc6M3TLskn6nDw=="},API_SSO="https://sso.edadeal.ru",API_WEB="https://squark.edadeal.ru/web/",API_CB="https://cb.edadeal.ru/v2/",API_KOBAL="https://kobal.edastage.ru",API_CPS="https://api.edadeal.ru/wallet/v2/",API_USR="https://usr.edadeal.ru/auth/v1/",API_BARCODE="https://barcode.edadeal.ru/barcode/v3/",API_CHERCHER="https://search.edadeal.io/api/v2";$M?(VERSION='9851b4e8129583',document.write('<script type="text/javascript" nonce="ulVlw0IDoc6M3TLskn6nDw==" crossorigin="" src="https://yastatic.net/s3/edadeal-public-static/frontend/touch/9851b4e8129583/ES2018/init.js"><\/script>')):function(e,t,a,s,r,i,c,p,o,d,l,n){for(t.$&&s.push.apply(s,t.$),t["p-retailer"]&&s.push.apply(s,t["p-retailer"]),s.push("p-retailer");e!==s.length;++e)-1!==(n=s[e]).indexOf(".")?-1!==n.indexOf(".css")?r.push(n):i.push(n):(r.push(n+".css"),i.push(n+".js"));p+=a,c+=a,document.write(p+r.join('">'+p)+'">'+c+i.join('"><\/script>'+c)+'"><\/script>')}(0,MANIFEST,CLIENT_BASE_URL+"/",[],[],[],'<script type="text/javascript" nonce="ulVlw0IDoc6M3TLskn6nDw==" crossorigin="" src="','<link rel="stylesheet" nonce="ulVlw0IDoc6M3TLskn6nDw==" href="'); </script><link rel="stylesheet" nonce="" href="https://yastatic.net/s3/edadeal-public-static/web/app/dfbc5fa9134017/client/base.css"><link rel="stylesheet" nonce="" href="https://yastatic.net/s3/edadeal-public-static/web/app/dfbc5fa9134017/client/p-offers.css"><link rel="stylesheet" nonce="" href="https://yastatic.net/s3/edadeal-public-static/web/app/dfbc5fa9134017/client/p-retailer.css"><script type="text/javascript" nonce="" crossorigin="" src="https://yastatic.net/s3/edadeal-public-static/web/app/dfbc5fa9134017/client/libs.js"></script><script type="text/javascript" nonce="" crossorigin="" src="https://yastatic.net/s3/edadeal-public-static/web/app/dfbc5fa9134017/client/base.js"></script><script type="text/javascript" nonce="" crossorigin="" src="https://yastatic.net/s3/edadeal-public-static/web/app/dfbc5fa9134017/client/p-offers.js"></script><script type="text/javascript" nonce="" crossorigin="" src="https://yastatic.net/s3/edadeal-public-static/web/app/dfbc5fa9134017/client/p-retailer.js"></script>  <script type="text/javascript" async="" nonce="" src="https://an.yandex.ru/system/context.js"></script><style id="ysTextCssRule">@font-face {
        font-family: "YS Text Variable";
        src: url("https://yastatic.net/s3/home/fonts/ys/3/text-variable-full.woff2") format("woff2");
        font-weight: 400 700;
        font-display: optional;
    }</style><script charset="utf-8" src="https://yastatic.net/partner-code-bundles/624038/1e378f30c76845d33254.js" crossorigin="anonymous" importance="high"></script><style type="text/css">.fjDgJL{width:100%;height:inherit;min-height:inherit;max-height:inherit}</style><style nonce="">#bd4c86ab20{width:1px;height:1px;position:relative;}</style><style nonce="">#id8932{width:1px;height:1px;top:0px;left:0px;position:absolute;}</style><style nonce="">#ya_partner_R-I-338751-2-6{width:100%;height:100%;position:relative;}</style><style nonce="">#id4400{width:100%;height:100%;top:0px;left:0px;position:absolute;}</style><script nonce="" src="blob:https://edadeal.ru/cbffdc20-efa3-4604-80b3-a54c269b2129"></script></head><body><svg xmlns="http://www.w3.org/2000/svg" xmlns:xlink="http://www.w3.org/1999/xlink" style="position: absolute; width: 0; height: 0" id="__SVG_SPRITE_NODE__"><symbol xmlns="http://www.w3.org/2000/svg" xmlns:xlink="http://www.w3.org/1999/xlink" viewBox="0 0 24 24" id="clear">
    <!-- Generator: Sketch 44.1 (41455) - http://www.bohemiancoding.com/sketch -->
    <title>icon/clear</title>
    <desc>Created with Sketch.</desc>
    <defs></defs>
    <g id="clear_Symbols" stroke="none" stroke-width="1" fill="none" fill-rule="evenodd">
        <g id="clear_icon/clear" fill="#BBBBBB">
            <path d="M18.3,5.7 L18.3,5.7 L18.3,5.7 C17.9134007,5.31340068 17.2865993,5.31340068 16.9,5.7 L12,10.6 L7.1,5.7 L7.1,5.7 C6.71340068,5.31340068 6.08659932,5.31340068 5.7,5.7 L5.7,5.7 L5.7,5.7 C5.31340068,6.08659932 5.31340068,6.71340068 5.7,7.1 L10.6,12 L5.7,16.9 L5.7,16.9 C5.31340068,17.2865993 5.31340068,17.9134007 5.7,18.3 L5.7,18.3 L5.7,18.3 C6.08659932,18.6865993 6.71340068,18.6865993 7.1,18.3 L12,13.4 L16.9,18.3 L16.9,18.3 C17.2865993,18.6865993 17.9134007,18.6865993 18.3,18.3 L18.3,18.3 L18.3,18.3 C18.6865993,17.9134007 18.6865993,17.2865993 18.3,16.9 L13.4,12 L18.3,7.1 L18.3,7.1 C18.6865993,6.71340068 18.6865993,6.08659932 18.3,5.7 Z" id="clear_Shape" fill="currentColor"></path>
        </g>
    </g>
</symbol></svg><div class="b-window b-window_disabled_false b-window_overlay_true b-window_fit_standard b-window_hidden_true"><div class="b-window__root"><div class="b-window__overlay"></div> <!----></div></div><div class="b-window b-window_disabled_false b-window_overlay_true b-window_fit_standard b-window_hidden_true"><div class="b-window__root"><div class="b-window__overlay"></div> <!----></div></div><div class="b-window b-window_disabled_false b-window_overlay_true b-window_fit_standard b-window_hidden_true"><div class="b-window__root"><div class="b-window__overlay"></div> <!----></div></div><div class="b-window b-window_disabled_false b-window_overlay_true b-window_fit_standard b-window_hidden_true"><div class="b-window__root"><div class="b-window__overlay"></div> <!----></div></div>  <script type="text/javascript" nonce="">"function"==typeof $__RENDER_ROOT?$__RENDER_ROOT():document.write('<div id="root"></div>'); </script><div class="b-root b-root_disabled_false"><div class="b-root__root"><header class="b-header b-root__header b-header_disabled_false b-header_search-focused_false b-header_segments-opened_false b-header_can-show-suggest_false"><span class="b-header__root"><div class="b-header__wrapper"><div class="b-header__nav"><a href="/sankt-peterburg" class="b-header__logo"></a> <div class="b-header__sections"><a href="/sankt-peterburg/offers" class="b-header__section">Скидки</a> <a href="/sankt-peterburg/cashbacks" class="b-header__section">Кэшбэк</a> <a href="http://coupons.edadeal.ru" class="b-header__section">Купоны</a> <a href="/sankt-peterburg/retailers" class="b-header__section b-header__section_active_true">Магазины</a></div></div> <div class="b-header__search-cell"><form class="b-header__search-wrapper b-header__search-wrapper_has-value_false"><div class="b-header__search-input-wrapper b-header__search-input-wrapper_has-value_false"><div class="b-header__search-input-container"><div class="b-header__search-input-hint" style="display: none;"><span></span></div> <input placeholder="Поиск акций и торговых сетей" class="b-header__search-input"></div></div> <button type="submit" class="b-header__search-button">Найти</button></form></div> <div class="b-header__controls"><div class="b-header__location-cell"><button aria-label="Выбрать город" class="b-header__location-chooser">город Санкт-Петербург</button></div> <!----> <div class="b-auth b-header__auth b-auth_disabled_false"><div class="b-auth__root"><button type="button" class="b-auth__login">Войти</button></div></div> <!----></div></div></span> <div class="b-header__suggest-wrapper" style="display: none;"><div class="b-header__suggest-container"></div></div> <div class="b-header__segments-wrapper" style="display: none;"><div class="b-header__segments-container"><a href="/sankt-peterburg/offers?segment=food" class="b-header__segment"><div class="b-header__segment-logo"><img src="https://yastatic.net/s3/edadeal-public-static/segments/svg/flat/seg_1.svg"></div> <div class="b-header__segment-title">Продукты</div></a><a href="/sankt-peterburg/offers?segment=alcohol" class="b-header__segment"><div class="b-header__segment-logo"><img src="https://yastatic.net/s3/edadeal-public-static/segments/svg/flat/seg_149.svg"></div> <div class="b-header__segment-title">Алкоголь</div></a><a href="/sankt-peterburg/offers?segment=home-stuff" class="b-header__segment"><div class="b-header__segment-logo"><img src="https://yastatic.net/s3/edadeal-public-static/segments/svg/flat/seg_248.svg"></div> <div class="b-header__segment-title">Для дома</div></a><a href="/sankt-peterburg/offers?segment=cosmetics-hygiene" class="b-header__segment"><div class="b-header__segment-logo"><img src="https://yastatic.net/s3/edadeal-public-static/segments/svg/flat/seg_296.svg"></div> <div class="b-header__segment-title">Косметика и&nbsp;гигиена</div></a><a href="/sankt-peterburg/offers?segment=for-kids" class="b-header__segment"><div class="b-header__segment-logo"><img src="https://yastatic.net/s3/edadeal-public-static/segments/svg/flat/seg_178.svg"></div> <div class="b-header__segment-title">Для детей</div></a><a href="/sankt-peterburg/offers?segment=pet-supplies" class="b-header__segment"><div class="b-header__segment-logo"><img src="https://yastatic.net/s3/edadeal-public-static/segments/svg/flat/seg_379.svg"></div> <div class="b-header__segment-title">Зоотовары</div></a><a href="/sankt-peterburg/offers?segment=stationery" class="b-header__segment"><div class="b-header__segment-logo"><img src="https://yastatic.net/s3/edadeal-public-static/segments/svg/flat/seg_384.svg"></div> <div class="b-header__segment-title">Канцтовары</div></a><a href="/sankt-peterburg/offers?segment=mkt-auto-470" class="b-header__segment"><div class="b-header__segment-logo"><img src="https://yastatic.net/s3/edadeal-public-static/segments/svg/flat/seg_470.svg"></div> <div class="b-header__segment-title">Авто</div></a><a href="/sankt-peterburg/offers?segment=mkt-leisure-and-entertainment-474" class="b-header__segment"><div class="b-header__segment-logo"><img src="https://yastatic.net/s3/edadeal-public-static/segments/svg/flat/seg_474.svg"></div> <div class="b-header__segment-title">Досуг и&nbsp;развлечения</div></a><a href="/sankt-peterburg/offers?segment=mkt-books-476" class="b-header__segment"><div class="b-header__segment-logo"><img src="https://yastatic.net/s3/edadeal-public-static/segments/svg/flat/seg_476.svg"></div> <div class="b-header__segment-title">Книги</div></a><a href="/sankt-peterburg/offers?segment=mkt-computers-477" class="b-header__segment"><div class="b-header__segment-logo"><img src="https://yastatic.net/s3/edadeal-public-static/segments/svg/flat/seg_477.svg"></div> <div class="b-header__segment-title">Компьютерная техника</div></a><a href="/sankt-peterburg/offers?segment=mkt-activities-481" class="b-header__segment"><div class="b-header__segment-logo"><img src="https://yastatic.net/s3/edadeal-public-static/segments/svg/flat/seg_481.svg"></div> <div class="b-header__segment-title">Спорт и&nbsp;отдых</div></a><a href="/sankt-peterburg/offers?segment=mkt-construction-and-repair-482" class="b-header__segment"><div class="b-header__segment-logo"><img src="https://yastatic.net/s3/edadeal-public-static/segments/svg/flat/seg_482.svg"></div> <div class="b-header__segment-title">Строительство и&nbsp;ремонт</div></a><a href="/sankt-peterburg/offers?segment=mkt-equipment-484" class="b-header__segment"><div class="b-header__segment-logo"><img src="https://yastatic.net/s3/edadeal-public-static/segments/svg/flat/seg_484.svg"></div> <div class="b-header__segment-title">Оборудование</div></a><a href="/sankt-peterburg/offers?segment=mkt-flowers-769" class="b-header__segment"><div class="b-header__segment-logo"><img src="https://yastatic.net/s3/edadeal-public-static/segments/svg/flat/seg_769.svg"></div> <div class="b-header__segment-title">Цветы, букеты, композиции</div></a><a href="/sankt-peterburg/offers?segment=mkt-summer-residence-garden-and-kitchen-garden-953" class="b-header__segment"><div class="b-header__segment-logo"><img src="https://yastatic.net/s3/edadeal-public-static/segments/svg/flat/seg_953.svg"></div> <div class="b-header__segment-title">Дача, сад и&nbsp;огород</div></a><a href="/sankt-peterburg/offers?segment=mkt-household-appliances-1076" class="b-header__segment"><div class="b-header__segment-logo"><img src="https://yastatic.net/s3/edadeal-public-static/segments/svg/flat/seg_1076.svg"></div> <div class="b-header__segment-title">Бытовая техника</div></a><a href="/sankt-peterburg/offers?segment=mkt-electronic-1077" class="b-header__segment"><div class="b-header__segment-logo"><img src="https://yastatic.net/s3/edadeal-public-static/segments/svg/flat/seg_1077.svg"></div> <div class="b-header__segment-title">Электроника</div></a><a href="/sankt-peterburg/offers?segment=mkt-clothes-shoes-and-accessories-1790" class="b-header__segment"><div class="b-header__segment-logo"><img src="https://yastatic.net/s3/edadeal-public-static/segments/svg/flat/seg_1790.svg"></div> <div class="b-header__segment-title">Одежда, обувь и&nbsp;аксессуары</div></a><a href="/sankt-peterburg/offers?segment=mkt-pharmacy-1846" class="b-header__segment"><div class="b-header__segment-logo"><img src="https://yastatic.net/s3/edadeal-public-static/segments/svg/flat/seg_1846.svg"></div> <div class="b-header__segment-title">Товары для здоровья</div></a></div></div></header> <div id="view" class="b-root__view"><div class="p-retailer p-retailer_mode_default p-retailer_view_default p-retailer_fetching-offers_false" locationuuid="sankt-peterburg"><div id="id-307" class="p-retailer__heading" style="min-height: 180px;"><div id="yandex_rtb_618176806" class="fjDgJL yandex_rtb_R-I-338751-10"><div></div></div></div> <div class="p-retailer__container"><div class="b-button b-button_disabled_false b-button_theme_blank b-button_shape_default b-button_size_m b-button_justify_start b-button_selected_false"><a href="/sankt-peterburg/retailers" class="b-button__root b-button__root_active_true"><!----> <div class="b-button__content">← К&nbsp;списку сетей  </div> <!----></a></div></div><div class="p-retailer__header"><h1>Скидки магазина «Пятёрочка»</h1> <!----></div><!----> <div class="p-retailer__container"><div class="p-retailer__base-column"><!----> <div class="p-retailer__representation"><div class="p-retailer__sort"><div class="p-retailer__sort-title">Сортировка:</div> <div class="b-button b-button_disabled_false b-button_theme_light b-button_shape_default b-button_size_s b-button_justify_start b-button_selected_true p-retailer__hor-button"><div tabindex="1" class="b-button__root"><!----> <div class="b-button__content">по&nbsp;умолчанию </div> <!----></div></div> <div class="b-button b-button_disabled_false b-button_theme_light b-button_shape_default b-button_size_s b-button_justify_start b-button_selected_false p-retailer__hor-button"><div tabindex="1" class="b-button__root"><!----> <div class="b-button__content">по&nbsp;цене  </div> <!----></div></div> <div class="b-button b-button_disabled_false b-button_theme_light b-button_shape_default b-button_size_s b-button_justify_start b-button_selected_false p-retailer__hor-button"><div tabindex="1" class="b-button__root"><!----> <div class="b-button__content">по&nbsp;скидке  </div> <!----></div></div></div><div class="b-offers-view b-offers-view_disabled_false"><div class="b-offers-view__root"><div class="b-offers-view__view-switchers"><div class="b-offers-view__view-switcher b-offers-view__view-switcher_type_line b-offers-view__view-switcher_current_false"></div><div class="b-offers-view__view-switcher b-offers-view__view-switcher_type_default b-offers-view__view-switcher_current_true"></div></div></div></div></div> <!----> <!----> <div class="p-retailer__offers-container"><div class="b-loader p-retailer__loader b-loader_disabled_false b-loader_size_m b-loader_show_false b-loader_deffer-hiding_true"><div class="b-loader__root"><div class="b-loader__container"></div></div></div> <div class="p-retailer__offers"><!----><a href="/sankt-peterburg/offers/c5fab2a3-b13b-5fa3-9235-3a5d787ee67b?from=%2Fsankt-peterburg%2Fretailers%2F5ka" class="p-retailer__offer"><div class="b-offer b-offer_disabled_false b-offer_view_default b-offer_is-outdated_false b-offer_is-recipe-drug_false b-offer_is-added-to-cart_false"><!----> <div class="b-offer__root"><div class="b-offer__header"><div class="b-image b-image_disabled_false b-image_cap_s b-image_img_vert b-image_loaded_true b-offer__preview"><div class="b-image__root"><div class="b-image__cap b-image__cap_loading_false"><!----></div><img src="https://leonardo.edadeal.io/dyn/cr/catalyst/offers/2vtaaublsj53pa7en2knc2ht3u.jpg" alt="Ватрушка Творожное наслаждение, Каравай, 220 г *Цена указана за 1 шт. при покупке 2 шт. одновременно**Предложение действительно только для магазинов г. Санкт-Петербург и Ленинградской обл. со скидкой" class="b-image__img" style=""></div></div> <div class="b-offer__offer-info"><div class="b-offer__badge">1+1</div> <div class="b-offer__dates">По&nbsp;8&nbsp;августа <div title="Пятёрочка" class="b-image b-image_disabled_false b-image_cap_f b-image_img_vert b-image_loaded_true b-offer__retailer-icon"><div class="b-image__root"><div class="b-image__cap b-image__cap_loading_false"><!----></div><img src="https://leonardo.edadeal.io/dyn/re/retailers/images/icons/sq/06c522eb34f54fed99665f69cb0794b7.png" alt="Пятёрочка" class="b-image__img" style=""></div></div></div></div></div> <div class="b-offer__product-info"><div title="" class="b-offer__description">Ватрушка Творожное наслаждение, Каравай, 220&nbsp;г</div> <div class="b-offer__quantity"><!----> 220 г / 295,41 ₽ за кг</div></div> <div class="b-offer__footer"><div class="b-offer__prices"><div title="64,99 ₽" class="b-offer__price-new">64,99 ₽</div> <div title="129,98 ₽" class="b-offer__price-old">129,98 ₽</div> <!----></div> <!----></div></div></div></a><!----><a href="/sankt-peterburg/offers/a8f357d0-1c95-58de-9d4f-f0c102aa52f4?from=%2Fsankt-peterburg%2Fretailers%2F5ka" class="p-retailer__offer"><div class="b-offer b-offer_disabled_false b-offer_view_default b-offer_is-outdated_false b-offer_is-recipe-drug_false b-offer_is-added-to-cart_false"><!----> <div class="b-offer__root"><div class="b-offer__header"><div class="b-image b-image_disabled_false b-image_cap_s b-image_img_vert b-image_loaded_true b-offer__preview"><div class="b-image__root"><div class="b-image__cap b-image__cap_loading_false"><!----></div><img src="https://leonardo.edadeal.io/dyn/cr/catalyst/offers/z3lt2ch4lcezsuqbdl2bmoctpm.jpg" alt="Приправа Kotanyi, смесь перцев, дробленая, 12 г со скидкой" class="b-image__img" style=""></div></div> <div class="b-offer__offer-info"><div class="b-offer__badge">От&nbsp;3&nbsp;шт</div> <div class="b-offer__dates">По&nbsp;8&nbsp;августа <div title="Пятёрочка" class="b-image b-image_disabled_false b-image_cap_f b-image_img_vert b-image_loaded_true b-offer__retailer-icon"><div class="b-image__root"><div class="b-image__cap b-image__cap_loading_false"><!----></div><img src="https://leonardo.edadeal.io/dyn/re/retailers/images/icons/sq/06c522eb34f54fed99665f69cb0794b7.png" alt="Пятёрочка" class="b-image__img" style=""></div></div></div></div></div> <div class="b-offer__product-info"><div title="" class="b-offer__description">Приправа Kotanyi, смесь перцев, дробленая, 12&nbsp;г</div> <div class="b-offer__quantity"><!----> 12 г / 3&nbsp;332,50 ₽ за кг</div></div> <div class="b-offer__footer"><div class="b-offer__prices"><div title="39,99 ₽" class="b-offer__price-new">39,99 ₽</div> <div title="74,99 ₽" class="b-offer__price-old">74,99 ₽</div> <!----></div> <!----></div></div></div></a><!----><a href="/sankt-peterburg/offers/d1470e57-6e96-55b6-b2e2-688a331f8c62?from=%2Fsankt-peterburg%2Fretailers%2F5ka" class="p-retailer__offer"><div class="b-offer b-offer_disabled_false b-offer_view_default b-offer_is-outdated_false b-offer_is-recipe-drug_false b-offer_is-added-to-cart_false"><!----> <div class="b-offer__root"><div class="b-offer__header"><div class="b-image b-image_disabled_false b-image_cap_s b-image_img_vert b-image_loaded_true b-offer__preview"><div class="b-image__root"><div class="b-image__cap b-image__cap_loading_false"><!----></div><img src="https://leonardo.edadeal.io/dyn/cr/catalyst/offers/pi2zznaa26dklpqtnznm6txa7a.jpg" alt="Порошок для посудомоечных машин Finish Power Powder, 1 кг со скидкой" class="b-image__img" style=""></div></div> <div class="b-offer__offer-info"><div class="b-offer__badge">-49%</div> <div class="b-offer__dates">По&nbsp;31&nbsp;августа <div title="Пятёрочка" class="b-image b-image_disabled_false b-image_cap_f b-image_img_vert b-image_loaded_true b-offer__retailer-icon"><div class="b-image__root"><div class="b-image__cap b-image__cap_loading_false"><!----></div><img src="https://leonardo.edadeal.io/dyn/re/retailers/images/icons/sq/06c522eb34f54fed99665f69cb0794b7.png" alt="Пятёрочка" class="b-image__img" style=""></div></div></div></div></div> <div class="b-offer__product-info"><div title="" class="b-offer__description">Порошок для посудомоечных машин Finish Power Powder, 1&nbsp;кг</div> <div class="b-offer__quantity"><!----> 1 кг / 299,99 ₽ за кг</div></div> <div class="b-offer__footer"><div class="b-offer__prices"><div title="299,99 ₽" class="b-offer__price-new">299,99 ₽</div> <div title="579,99 ₽" class="b-offer__price-old">579,99 ₽</div> <!----></div> <!----></div></div></div></a><!----><a href="/sankt-peterburg/offers/8897b782-4a6b-586d-bf8a-ef615247748b?from=%2Fsankt-peterburg%2Fretailers%2F5ka" class="p-retailer__offer"><div class="b-offer b-offer_disabled_false b-offer_view_default b-offer_is-outdated_false b-offer_is-recipe-drug_false b-offer_is-added-to-cart_false"><!----> <div class="b-offer__root"><div class="b-offer__header"><div class="b-image b-image_disabled_false b-image_cap_s b-image_img_vert b-image_loaded_true b-offer__preview"><div class="b-image__root"><div class="b-image__cap b-image__cap_loading_false"><!----></div><img src="https://leonardo.edadeal.io/dyn/cr/catalyst/offers/socal6olg4cn2s74qgtvochzoy.jpg" alt="Ромовая баба, Аладушкин, 160 г со скидкой" class="b-image__img" style=""></div></div> <div class="b-offer__offer-info"><div class="b-offer__badge">1+1</div> <div class="b-offer__dates">По&nbsp;8&nbsp;августа <div title="Пятёрочка" class="b-image b-image_disabled_false b-image_cap_f b-image_img_vert b-image_loaded_true b-offer__retailer-icon"><div class="b-image__root"><div class="b-image__cap b-image__cap_loading_false"><!----></div><img src="https://leonardo.edadeal.io/dyn/re/retailers/images/icons/sq/06c522eb34f54fed99665f69cb0794b7.png" alt="Пятёрочка" class="b-image__img" style=""></div></div></div></div></div> <div class="b-offer__product-info"><div title="" class="b-offer__description">Ромовая баба, Аладушкин, 160&nbsp;г</div> <div class="b-offer__quantity"><!----> 160 г / 268,69 ₽ за кг</div></div> <div class="b-offer__footer"><div class="b-offer__prices"><div title="42,99 ₽" class="b-offer__price-new">42,99 ₽</div> <div title="85,98 ₽" class="b-offer__price-old">85,98 ₽</div> <!----></div> <!----></div></div></div></a><!----><a href="/sankt-peterburg/offers/7dac812d-6530-537d-8481-1d41eb5c44a8?from=%2Fsankt-peterburg%2Fretailers%2F5ka" class="p-retailer__offer"><div class="b-offer b-offer_disabled_false b-offer_view_default b-offer_is-outdated_false b-offer_is-recipe-drug_false b-offer_is-added-to-cart_false"><!----> <div class="b-offer__root"><div class="b-offer__header"><div class="b-image b-image_disabled_false b-image_cap_s b-image_img_vert b-image_loaded_true b-offer__preview"><div class="b-image__root"><div class="b-image__cap b-image__cap_loading_false"><!----></div><img src="https://leonardo.edadeal.io/dyn/cr/catalyst/offers/7f73in4lklp7eatcaymiecgmtu.jpg" alt="Кекс творожный, Аладушкин, 400 г со скидкой" class="b-image__img" style=""></div></div> <div class="b-offer__offer-info"><div class="b-offer__badge">-50%</div> <div class="b-offer__dates">По&nbsp;8&nbsp;августа <div title="Пятёрочка" class="b-image b-image_disabled_false b-image_cap_f b-image_img_vert b-image_loaded_true b-offer__retailer-icon"><div class="b-image__root"><div class="b-image__cap b-image__cap_loading_false"><!----></div><img src="https://leonardo.edadeal.io/dyn/re/retailers/images/icons/sq/06c522eb34f54fed99665f69cb0794b7.png" alt="Пятёрочка" class="b-image__img" style=""></div></div></div></div></div> <div class="b-offer__product-info"><div title="" class="b-offer__description">Кекс творожный, Аладушкин, 400&nbsp;г</div> <div class="b-offer__quantity"><!----> 400 г / 249,97 ₽ за кг</div></div> <div class="b-offer__footer"><div class="b-offer__prices"><div title="99,99 ₽" class="b-offer__price-new">99,99 ₽</div> <div title="199,98 ₽" class="b-offer__price-old">199,98 ₽</div> <!----></div> <!----></div></div></div></a><!----><a href="/sankt-peterburg/offers/70cb0cc0-1e8f-5abe-897a-e6721703693e?from=%2Fsankt-peterburg%2Fretailers%2F5ka" class="p-retailer__offer"><div class="b-offer b-offer_disabled_false b-offer_view_default b-offer_is-outdated_false b-offer_is-recipe-drug_false b-offer_is-added-to-cart_false"><!----> <div class="b-offer__root"><div class="b-offer__header"><div class="b-image b-image_disabled_false b-image_cap_s b-image_img_vert b-image_loaded_true b-offer__preview"><div class="b-image__root"><div class="b-image__cap b-image__cap_loading_false"><!----></div><img src="https://leonardo.edadeal.io/dyn/cr/catalyst/offers/spi3o6cnbnqswepzmz2dy3seam.jpg" alt="Икра Царская, лососевая, имитированная, Европром, 220 г со скидкой" class="b-image__img" style=""></div></div> <div class="b-offer__offer-info"><div class="b-offer__badge">1+1</div> <div class="b-offer__dates">По&nbsp;31&nbsp;августа <div title="Пятёрочка" class="b-image b-image_disabled_false b-image_cap_f b-image_img_vert b-image_loaded_true b-offer__retailer-icon"><div class="b-image__root"><div class="b-image__cap b-image__cap_loading_false"><!----></div><img src="https://leonardo.edadeal.io/dyn/re/retailers/images/icons/sq/06c522eb34f54fed99665f69cb0794b7.png" alt="Пятёрочка" class="b-image__img" style=""></div></div></div></div></div> <div class="b-offer__product-info"><div title="" class="b-offer__description">Икра Царская, лососевая, имитированная, Европром, 220&nbsp;г</div> <div class="b-offer__quantity"><!----> 220 г / 272,68 ₽ за кг</div></div> <div class="b-offer__footer"><div class="b-offer__prices"><div title="59,99 ₽" class="b-offer__price-new">59,99 ₽</div> <div title="119,98 ₽" class="b-offer__price-old">119,98 ₽</div> <!----></div> <!----></div></div></div></a><!----><a href="/sankt-peterburg/offers/91db393b-6bac-5529-9c5c-7c26b3f04ce1?from=%2Fsankt-peterburg%2Fretailers%2F5ka" class="p-retailer__offer"><div class="b-offer b-offer_disabled_false b-offer_view_default b-offer_is-outdated_false b-offer_is-recipe-drug_false b-offer_is-added-to-cart_false"><!----> <div class="b-offer__root"><div class="b-offer__header"><div class="b-image b-image_disabled_false b-image_cap_s b-image_img_vert b-image_loaded_true b-offer__preview"><div class="b-image__root"><div class="b-image__cap b-image__cap_loading_false"><!----></div><img src="https://leonardo.edadeal.io/dyn/cr/catalyst/offers/4hczvvp5xmcgk5yqxps22uk7ja.jpg" alt="Средства для мытья посуды AOS, бальзам, 450 г со скидкой" class="b-image__img" style=""></div></div> <div class="b-offer__offer-info"><div class="b-offer__badge">-41%</div> <div class="b-offer__dates">По&nbsp;8&nbsp;августа <div title="Пятёрочка" class="b-image b-image_disabled_false b-image_cap_f b-image_img_vert b-image_loaded_true b-offer__retailer-icon"><div class="b-image__root"><div class="b-image__cap b-image__cap_loading_false"><!----></div><img src="https://leonardo.edadeal.io/dyn/re/retailers/images/icons/sq/06c522eb34f54fed99665f69cb0794b7.png" alt="Пятёрочка" class="b-image__img" style=""></div></div></div></div></div> <div class="b-offer__product-info"><div title="" class="b-offer__description">Средства для мытья посуды AOS, бальзам, 450&nbsp;г</div> <div class="b-offer__quantity"><!----> 450 г / 199,98 ₽ за кг</div></div> <div class="b-offer__footer"><div class="b-offer__prices"><div title="89,99 ₽" class="b-offer__price-new">89,99 ₽</div> <div title="149,99 ₽" class="b-offer__price-old">149,99 ₽</div> <!----></div> <!----></div></div></div></a><!----><a href="/sankt-peterburg/offers/73306d45-90b9-579c-bc87-6c144656bd61?from=%2Fsankt-peterburg%2Fretailers%2F5ka" class="p-retailer__offer"><div class="b-offer b-offer_disabled_false b-offer_view_default b-offer_is-outdated_false b-offer_is-recipe-drug_false b-offer_is-added-to-cart_false"><!----> <div class="b-offer__root"><div class="b-offer__header"><div class="b-image b-image_disabled_false b-image_cap_s b-image_img_vert b-image_loaded_true b-offer__preview"><div class="b-image__root"><div class="b-image__cap b-image__cap_loading_false"><!----></div><img src="https://leonardo.edadeal.io/dyn/cr/catalyst/offers/7sgjtsti76boli3aje3nqrqsk4.jpg" alt="Изделия макаронные Шебекинские, перья, 450 г со скидкой" class="b-image__img" style=""></div></div> <div class="b-offer__offer-info"><div class="b-offer__badge">-36%</div> <div class="b-offer__dates">По&nbsp;8&nbsp;августа <div title="Пятёрочка" class="b-image b-image_disabled_false b-image_cap_f b-image_img_vert b-image_loaded_true b-offer__retailer-icon"><div class="b-image__root"><div class="b-image__cap b-image__cap_loading_false"><!----></div><img src="https://leonardo.edadeal.io/dyn/re/retailers/images/icons/sq/06c522eb34f54fed99665f69cb0794b7.png" alt="Пятёрочка" class="b-image__img" style=""></div></div></div></div></div> <div class="b-offer__product-info"><div title="" class="b-offer__description">Изделия макаронные Шебекинские, перья, 450&nbsp;г</div> <div class="b-offer__quantity"><!----> 450 г / 110,89 ₽ за кг</div></div> <div class="b-offer__footer"><div class="b-offer__prices"><div title="49,90 ₽" class="b-offer__price-new">49,90 ₽</div> <div title="76,99 ₽" class="b-offer__price-old">76,99 ₽</div> <!----></div> <!----></div></div></div></a><div id="offers_cards_place" class="p-retailer__rtb-block p-retailer__rtb-block_type_offers_cards"><div id="rtb-R-I-338751-8-2-12d7c65f7f6025" class="rtb-output-352a670fe3736"><div></div></div></div><a href="/sankt-peterburg/offers/92ef4313-09d2-5b5b-a32f-59fccf2089e7?from=%2Fsankt-peterburg%2Fretailers%2F5ka" class="p-retailer__offer"><div class="b-offer b-offer_disabled_false b-offer_view_default b-offer_is-outdated_false b-offer_is-recipe-drug_false b-offer_is-added-to-cart_false"><!----> <div class="b-offer__root"><div class="b-offer__header"><div class="b-image b-image_disabled_false b-image_cap_s b-image_img_vert b-image_loaded_true b-offer__preview"><div class="b-image__root"><div class="b-image__cap b-image__cap_loading_false"><!----></div><img src="https://leonardo.edadeal.io/dyn/cr/catalyst/offers/qbd6px3gswsz6l4rarebxhm64i.jpg" alt="Изделия макаронные Шебекинские, улитки, 450 г со скидкой" class="b-image__img" style=""></div></div> <div class="b-offer__offer-info"><div class="b-offer__badge">-36%</div> <div class="b-offer__dates">По&nbsp;8&nbsp;августа <div title="Пятёрочка" class="b-image b-image_disabled_false b-image_cap_f b-image_img_vert b-image_loaded_true b-offer__retailer-icon"><div class="b-image__root"><div class="b-image__cap b-image__cap_loading_false"><!----></div><img src="https://leonardo.edadeal.io/dyn/re/retailers/images/icons/sq/06c522eb34f54fed99665f69cb0794b7.png" alt="Пятёрочка" class="b-image__img" style=""></div></div></div></div></div> <div class="b-offer__product-info"><div title="" class="b-offer__description">Изделия макаронные Шебекинские, улитки, 450&nbsp;г</div> <div class="b-offer__quantity"><!----> 450 г / 110,89 ₽ за кг</div></div> <div class="b-offer__footer"><div class="b-offer__prices"><div title="49,90 ₽" class="b-offer__price-new">49,90 ₽</div> <div title="76,99 ₽" class="b-offer__price-old">76,99 ₽</div> <!----></div> <!----></div></div></div></a><!----><a href="/sankt-peterburg/offers/d5803955-252a-5c97-b62e-aaa1b5824529?from=%2Fsankt-peterburg%2Fretailers%2F5ka" class="p-retailer__offer"><div class="b-offer b-offer_disabled_false b-offer_view_default b-offer_is-outdated_false b-offer_is-recipe-drug_false b-offer_is-added-to-cart_false"><!----> <div class="b-offer__root"><div class="b-offer__header"><div class="b-image b-image_disabled_false b-image_cap_s b-image_img_vert b-image_loaded_true b-offer__preview"><div class="b-image__root"><div class="b-image__cap b-image__cap_loading_false"><!----></div><img src="https://leonardo.edadeal.io/dyn/cr/catalyst/offers/xwi6fi7qjiha4kiroh5k2bqdlu.jpg" alt="Изделия макаронные Шебекинские, головоломки, 450 г со скидкой" class="b-image__img" style=""></div></div> <div class="b-offer__offer-info"><div class="b-offer__badge">-36%</div> <div class="b-offer__dates">По&nbsp;8&nbsp;августа <div title="Пятёрочка" class="b-image b-image_disabled_false b-image_cap_f b-image_img_vert b-image_loaded_true b-offer__retailer-icon"><div class="b-image__root"><div class="b-image__cap b-image__cap_loading_false"><!----></div><img src="https://leonardo.edadeal.io/dyn/re/retailers/images/icons/sq/06c522eb34f54fed99665f69cb0794b7.png" alt="Пятёрочка" class="b-image__img" style=""></div></div></div></div></div> <div class="b-offer__product-info"><div title="" class="b-offer__description">Изделия макаронные Шебекинские, головоломки, 450&nbsp;г</div> <div class="b-offer__quantity"><!----> 450 г / 110,89 ₽ за кг</div></div> <div class="b-offer__footer"><div class="b-offer__prices"><div title="49,90 ₽" class="b-offer__price-new">49,90 ₽</div> <div title="76,99 ₽" class="b-offer__price-old">76,99 ₽</div> <!----></div> <!----></div></div></div></a><!----><a href="/sankt-peterburg/offers/beae102b-ec08-5bfc-a4cb-2c36f9b3978d?from=%2Fsankt-peterburg%2Fretailers%2F5ka" class="p-retailer__offer"><div class="b-offer b-offer_disabled_false b-offer_view_default b-offer_is-outdated_false b-offer_is-recipe-drug_false b-offer_is-added-to-cart_false"><!----> <div class="b-offer__root"><div class="b-offer__header"><div class="b-image b-image_disabled_false b-image_cap_s b-image_img_vert b-image_loaded_true b-offer__preview"><div class="b-image__root"><div class="b-image__cap b-image__cap_loading_false"><!----></div><img src="https://leonardo.edadeal.io/dyn/cr/catalyst/offers/aiqbicl7cs3vpvmtgvts4vvbom.jpg" alt="Изделия макаронные Шебекинские, лапша лингвини, 450 г со скидкой" class="b-image__img" style=""></div></div> <div class="b-offer__offer-info"><div class="b-offer__badge">-36%</div> <div class="b-offer__dates">По&nbsp;8&nbsp;августа <div title="Пятёрочка" class="b-image b-image_disabled_false b-image_cap_f b-image_img_vert b-image_loaded_true b-offer__retailer-icon"><div class="b-image__root"><div class="b-image__cap b-image__cap_loading_false"><!----></div><img src="https://leonardo.edadeal.io/dyn/re/retailers/images/icons/sq/06c522eb34f54fed99665f69cb0794b7.png" alt="Пятёрочка" class="b-image__img" style=""></div></div></div></div></div> <div class="b-offer__product-info"><div title="" class="b-offer__description">Изделия макаронные Шебекинские, лапша лингвини, 450&nbsp;г</div> <div class="b-offer__quantity"><!----> 450 г / 110,89 ₽ за кг</div></div> <div class="b-offer__footer"><div class="b-offer__prices"><div title="49,90 ₽" class="b-offer__price-new">49,90 ₽</div> <div title="76,99 ₽" class="b-offer__price-old">76,99 ₽</div> <!----></div> <!----></div></div></div></a><!----><a href="/sankt-peterburg/offers/60644637-4035-58a8-adb3-dfda9b75deb5?from=%2Fsankt-peterburg%2Fretailers%2F5ka" class="p-retailer__offer"><div class="b-offer b-offer_disabled_false b-offer_view_default b-offer_is-outdated_false b-offer_is-recipe-drug_false b-offer_is-added-to-cart_false"><!----> <div class="b-offer__root"><div class="b-offer__header"><div class="b-image b-image_disabled_false b-image_cap_s b-image_img_vert b-image_loaded_true b-offer__preview"><div class="b-image__root"><div class="b-image__cap b-image__cap_loading_false"><!----></div><img src="https://leonardo.edadeal.io/dyn/cr/catalyst/offers/yl4d7tjjt52yfmert5gqdxgt6e.jpg" alt="Креветки Королевские 50/70, неразделанные, варено-мороженые, Vici, 450 г со скидкой" class="b-image__img" style=""></div></div> <div class="b-offer__offer-info"><div class="b-offer__badge">-37%</div> <div class="b-offer__dates">По&nbsp;8&nbsp;августа <div title="Пятёрочка" class="b-image b-image_disabled_false b-image_cap_f b-image_img_vert b-image_loaded_true b-offer__retailer-icon"><div class="b-image__root"><div class="b-image__cap b-image__cap_loading_false"><!----></div><img src="https://leonardo.edadeal.io/dyn/re/retailers/images/icons/sq/06c522eb34f54fed99665f69cb0794b7.png" alt="Пятёрочка" class="b-image__img" style=""></div></div></div></div></div> <div class="b-offer__product-info"><div title="Креветки Королевские 50/70, неразделанные, варено-мороженые, Vici, 450 г" class="b-offer__description">Креветки Королевские 50/70, неразделанные, варено-мороженые,…</div> <div class="b-offer__quantity"><!----> 450 г / 666,64 ₽ за кг</div></div> <div class="b-offer__footer"><div class="b-offer__prices"><div title="299,99 ₽" class="b-offer__price-new">299,99 ₽</div> <div title="469,99 ₽" class="b-offer__price-old">469,99 ₽</div> <!----></div> <!----></div></div></div></a><!----><a href="/sankt-peterburg/offers/4514b020-7308-5851-957c-761a942b6ba6?from=%2Fsankt-peterburg%2Fretailers%2F5ka" class="p-retailer__offer"><div class="b-offer b-offer_disabled_false b-offer_view_default b-offer_is-outdated_false b-offer_is-recipe-drug_false b-offer_is-added-to-cart_false"><!----> <div class="b-offer__root"><div class="b-offer__header"><div class="b-image b-image_disabled_false b-image_cap_s b-image_img_vert b-image_loaded_true b-offer__preview"><div class="b-image__root"><div class="b-image__cap b-image__cap_loading_false"><!----></div><img src="https://leonardo.edadeal.io/dyn/cr/catalyst/offers/7sjdz67de7vncks6uqprmvd32i.jpg" alt="Чипсы картофельные Turbo Diesel, со вкусом краба, 75 г со скидкой" class="b-image__img" style=""></div></div> <div class="b-offer__offer-info"><div class="b-offer__badge">-51%</div> <div class="b-offer__dates">По&nbsp;8&nbsp;августа <div title="Пятёрочка" class="b-image b-image_disabled_false b-image_cap_f b-image_img_vert b-image_loaded_true b-offer__retailer-icon"><div class="b-image__root"><div class="b-image__cap b-image__cap_loading_false"><!----></div><img src="https://leonardo.edadeal.io/dyn/re/retailers/images/icons/sq/06c522eb34f54fed99665f69cb0794b7.png" alt="Пятёрочка" class="b-image__img" style=""></div></div></div></div></div> <div class="b-offer__product-info"><div title="" class="b-offer__description">Чипсы картофельные Turbo Diesel, со&nbsp;вкусом краба, 75&nbsp;г</div> <div class="b-offer__quantity"><!----> 75 г / 533,20 ₽ за кг</div></div> <div class="b-offer__footer"><div class="b-offer__prices"><div title="39,99 ₽" class="b-offer__price-new">39,99 ₽</div> <div title="79,99 ₽" class="b-offer__price-old">79,99 ₽</div> <!----></div> <!----></div></div></div></a><!----><a href="/sankt-peterburg/offers/e6bcef68-12ef-5cf5-889e-1aa62715c5ca?from=%2Fsankt-peterburg%2Fretailers%2F5ka" class="p-retailer__offer"><div class="b-offer b-offer_disabled_false b-offer_view_default b-offer_is-outdated_false b-offer_is-recipe-drug_false b-offer_is-added-to-cart_false"><!----> <div class="b-offer__root"><div class="b-offer__header"><div class="b-image b-image_disabled_false b-image_cap_s b-image_img_vert b-image_loaded_true b-offer__preview"><div class="b-image__root"><div class="b-image__cap b-image__cap_loading_false"><!----></div><img src="https://leonardo.edadeal.io/dyn/cr/catalyst/offers/sndgiusf2z72lkd7qfh7y5cqae.jpg" alt="Чипсы картофельные Turbo Diesel, со вкусом сметаны и зелени, 75 г со скидкой" class="b-image__img" style=""></div></div> <div class="b-offer__offer-info"><div class="b-offer__badge">-51%</div> <div class="b-offer__dates">По&nbsp;8&nbsp;августа <div title="Пятёрочка" class="b-image b-image_disabled_false b-image_cap_f b-image_img_vert b-image_loaded_true b-offer__retailer-icon"><div class="b-image__root"><div class="b-image__cap b-image__cap_loading_false"><!----></div><img src="https://leonardo.edadeal.io/dyn/re/retailers/images/icons/sq/06c522eb34f54fed99665f69cb0794b7.png" alt="Пятёрочка" class="b-image__img" style=""></div></div></div></div></div> <div class="b-offer__product-info"><div title="Чипсы картофельные Turbo Diesel, со вкусом сметаны и зелени, 75 г" class="b-offer__description">Чипсы картофельные Turbo Diesel, со&nbsp;вкусом сметаны и&nbsp;зелени,…</div> <div class="b-offer__quantity"><!----> 75 г / 533,20 ₽ за кг</div></div> <div class="b-offer__footer"><div class="b-offer__prices"><div title="39,99 ₽" class="b-offer__price-new">39,99 ₽</div> <div title="79,99 ₽" class="b-offer__price-old">79,99 ₽</div> <!----></div> <!----></div></div></div></a><!----><a href="/sankt-peterburg/offers/15af3640-e492-5a0d-a523-a6e202932a01?from=%2Fsankt-peterburg%2Fretailers%2F5ka" class="p-retailer__offer"><div class="b-offer b-offer_disabled_false b-offer_view_default b-offer_is-outdated_false b-offer_is-recipe-drug_false b-offer_is-added-to-cart_false"><!----> <div class="b-offer__root"><div class="b-offer__header"><div class="b-image b-image_disabled_false b-image_cap_s b-image_img_vert b-image_loaded_true b-offer__preview"><div class="b-image__root"><div class="b-image__cap b-image__cap_loading_false"><!----></div><img src="https://leonardo.edadeal.io/dyn/cr/catalyst/offers/ieawqg6upv4cbb6x6oe22k4gxy.jpg" alt="Фасоль Bonduelle, красная классическая, 425 мл со скидкой" class="b-image__img" style=""></div></div> <div class="b-offer__offer-info"><div class="b-offer__badge">-43%</div> <div class="b-offer__dates">По&nbsp;8&nbsp;августа <div title="Пятёрочка" class="b-image b-image_disabled_false b-image_cap_f b-image_img_vert b-image_loaded_true b-offer__retailer-icon"><div class="b-image__root"><div class="b-image__cap b-image__cap_loading_false"><!----></div><img src="https://leonardo.edadeal.io/dyn/re/retailers/images/icons/sq/06c522eb34f54fed99665f69cb0794b7.png" alt="Пятёрочка" class="b-image__img" style=""></div></div></div></div></div> <div class="b-offer__product-info"><div title="" class="b-offer__description">Фасоль Bonduelle, красная классическая, 425&nbsp;мл</div> <div class="b-offer__quantity"><!----> 425 мл / 188,21 ₽ за л</div></div> <div class="b-offer__footer"><div class="b-offer__prices"><div title="79,99 ₽" class="b-offer__price-new">79,99 ₽</div> <div title="139,99 ₽" class="b-offer__price-old">139,99 ₽</div> <!----></div> <!----></div></div></div></a><!----><a href="/sankt-peterburg/offers/ebf24b6e-0e22-501d-b9f0-1f2a953fb7e1?from=%2Fsankt-peterburg%2Fretailers%2F5ka" class="p-retailer__offer"><div class="b-offer b-offer_disabled_false b-offer_view_default b-offer_is-outdated_false b-offer_is-recipe-drug_false b-offer_is-added-to-cart_false"><!----> <div class="b-offer__root"><div class="b-offer__header"><div class="b-image b-image_disabled_false b-image_cap_s b-image_img_vert b-image_loaded_true b-offer__preview"><div class="b-image__root"><div class="b-image__cap b-image__cap_loading_false"><!----></div><img src="https://leonardo.edadeal.io/dyn/cr/catalyst/offers/kaunxecdmj2cpkxxacvfggqdaq.jpg" alt="Кукуруза сахарная Global Village, 425 мл со скидкой" class="b-image__img" style=""></div></div> <div class="b-offer__offer-info"><div class="b-offer__badge">-43%</div> <div class="b-offer__dates">По&nbsp;31&nbsp;августа <div title="Пятёрочка" class="b-image b-image_disabled_false b-image_cap_f b-image_img_vert b-image_loaded_true b-offer__retailer-icon"><div class="b-image__root"><div class="b-image__cap b-image__cap_loading_false"><!----></div><img src="https://leonardo.edadeal.io/dyn/re/retailers/images/icons/sq/06c522eb34f54fed99665f69cb0794b7.png" alt="Пятёрочка" class="b-image__img" style=""></div></div></div></div></div> <div class="b-offer__product-info"><div title="" class="b-offer__description">Кукуруза сахарная Global Village, 425&nbsp;мл</div> <div class="b-offer__quantity"><!----> 425 мл / 148,21 ₽ за л</div></div> <div class="b-offer__footer"><div class="b-offer__prices"><div title="62,99 ₽" class="b-offer__price-new">62,99 ₽</div> <div title="109,99 ₽" class="b-offer__price-old">109,99 ₽</div> <!----></div> <!----></div></div></div></a><div id="offers_cards_place" class="p-retailer__rtb-block p-retailer__rtb-block_type_offers_cards"><div id="rtb-R-I-338751-8-3-1d1fe4ac152521" class="rtb-output-352a670fe3736"><div></div></div></div><a href="/sankt-peterburg/offers/d4ede46f-bbf1-56f0-97f2-90126953f7e8?from=%2Fsankt-peterburg%2Fretailers%2F5ka" class="p-retailer__offer"><div class="b-offer b-offer_disabled_false b-offer_view_default b-offer_is-outdated_false b-offer_is-recipe-drug_false b-offer_is-added-to-cart_false"><!----> <div class="b-offer__root"><div class="b-offer__header"><div class="b-image b-image_disabled_false b-image_cap_s b-image_img_vert b-image_loaded_true b-offer__preview"><div class="b-image__root"><div class="b-image__cap b-image__cap_loading_false"><!----></div><img src="https://leonardo.edadeal.io/dyn/cr/catalyst/offers/qccjr2rwxwxjca5p5lygaj2vtu.jpg" alt="Стиральный порошок Persil, свежесть от Vernel Color, 3 кг со скидкой" class="b-image__img" style=""></div></div> <div class="b-offer__offer-info"><div class="b-offer__badge">-45%</div> <div class="b-offer__dates">По&nbsp;8&nbsp;августа <div title="Пятёрочка" class="b-image b-image_disabled_false b-image_cap_f b-image_img_vert b-image_loaded_true b-offer__retailer-icon"><div class="b-image__root"><div class="b-image__cap b-image__cap_loading_false"><!----></div><img src="https://leonardo.edadeal.io/dyn/re/retailers/images/icons/sq/06c522eb34f54fed99665f69cb0794b7.png" alt="Пятёрочка" class="b-image__img" style=""></div></div></div></div></div> <div class="b-offer__product-info"><div title="" class="b-offer__description">Стиральный порошок Persil, свежесть от&nbsp;Vernel Color, 3&nbsp;кг</div> <div class="b-offer__quantity"><!----> 3 кг / 126,66 ₽ за кг</div></div> <div class="b-offer__footer"><div class="b-offer__prices"><div title="379,99 ₽" class="b-offer__price-new">379,99 ₽</div> <div title="684,99 ₽" class="b-offer__price-old">684,99 ₽</div> <!----></div> <!----></div></div></div></a><!----><a href="/sankt-peterburg/offers/3656f1b0-d9d9-59a6-8354-a30656c331f5?from=%2Fsankt-peterburg%2Fretailers%2F5ka" class="p-retailer__offer"><div class="b-offer b-offer_disabled_false b-offer_view_default b-offer_is-outdated_false b-offer_is-recipe-drug_false b-offer_is-added-to-cart_false"><!----> <div class="b-offer__root"><div class="b-offer__header"><div class="b-image b-image_disabled_false b-image_cap_s b-image_img_vert b-image_loaded_true b-offer__preview"><div class="b-image__root"><div class="b-image__cap b-image__cap_loading_false"><!----></div><img src="https://leonardo.edadeal.io/dyn/cr/catalyst/offers/dsgvusnz4ptk4zwjsnhbujhite.jpg" alt="Стиральный порошок Persil, свежесть от Vernel, 3 кг со скидкой" class="b-image__img" style=""></div></div> <div class="b-offer__offer-info"><div class="b-offer__badge">-45%</div> <div class="b-offer__dates">По&nbsp;8&nbsp;августа <div title="Пятёрочка" class="b-image b-image_disabled_false b-image_cap_f b-image_img_vert b-image_loaded_true b-offer__retailer-icon"><div class="b-image__root"><div class="b-image__cap b-image__cap_loading_false"><!----></div><img src="https://leonardo.edadeal.io/dyn/re/retailers/images/icons/sq/06c522eb34f54fed99665f69cb0794b7.png" alt="Пятёрочка" class="b-image__img" style=""></div></div></div></div></div> <div class="b-offer__product-info"><div title="" class="b-offer__description">Стиральный порошок Persil, свежесть от&nbsp;Vernel, 3&nbsp;кг</div> <div class="b-offer__quantity"><!----> 3 кг / 126,66 ₽ за кг</div></div> <div class="b-offer__footer"><div class="b-offer__prices"><div title="379,99 ₽" class="b-offer__price-new">379,99 ₽</div> <div title="684,99 ₽" class="b-offer__price-old">684,99 ₽</div> <!----></div> <!----></div></div></div></a><!----><a href="/sankt-peterburg/offers/4c4c77f0-08b6-5bd1-afac-10d0086dd382?from=%2Fsankt-peterburg%2Fretailers%2F5ka" class="p-retailer__offer"><div class="b-offer b-offer_disabled_false b-offer_view_default b-offer_is-outdated_false b-offer_is-recipe-drug_false b-offer_is-added-to-cart_false"><!----> <div class="b-offer__root"><div class="b-offer__header"><div class="b-image b-image_disabled_false b-image_cap_s b-image_img_vert b-image_loaded_true b-offer__preview"><div class="b-image__root"><div class="b-image__cap b-image__cap_loading_false"><!----></div><img src="https://leonardo.edadeal.io/dyn/cr/catalyst/offers/4arfdlqjcxmhwjxqskbsf3zbqe.jpg" alt="Стиральный порошок Persil Premium, гигиена и чистота, 2,43 кг со скидкой" class="b-image__img" style=""></div></div> <div class="b-offer__offer-info"><div class="b-offer__badge">-45%</div> <div class="b-offer__dates">По&nbsp;8&nbsp;августа <div title="Пятёрочка" class="b-image b-image_disabled_false b-image_cap_f b-image_img_vert b-image_loaded_true b-offer__retailer-icon"><div class="b-image__root"><div class="b-image__cap b-image__cap_loading_false"><!----></div><img src="https://leonardo.edadeal.io/dyn/re/retailers/images/icons/sq/06c522eb34f54fed99665f69cb0794b7.png" alt="Пятёрочка" class="b-image__img" style=""></div></div></div></div></div> <div class="b-offer__product-info"><div title="Стиральный порошок Persil Premium, гигиена и чистота, 2,43 кг" class="b-offer__description">Стиральный порошок Persil Premium, гигиена и&nbsp;чистота, 2,43…</div> <div class="b-offer__quantity"><!----> 2,43 кг / 156,37 ₽ за кг</div></div> <div class="b-offer__footer"><div class="b-offer__prices"><div title="379,99 ₽" class="b-offer__price-new">379,99 ₽</div> <div title="684,99 ₽" class="b-offer__price-old">684,99 ₽</div> <!----></div> <!----></div></div></div></a><!----><a href="/sankt-peterburg/offers/516d61e0-d854-571d-b99e-d17181b257ad?from=%2Fsankt-peterburg%2Fretailers%2F5ka" class="p-retailer__offer"><div class="b-offer b-offer_disabled_false b-offer_view_default b-offer_is-outdated_false b-offer_is-recipe-drug_false b-offer_is-added-to-cart_false"><!----> <div class="b-offer__root"><div class="b-offer__header"><div class="b-image b-image_disabled_false b-image_cap_s b-image_img_vert b-image_loaded_true b-offer__preview"><div class="b-image__root"><div class="b-image__cap b-image__cap_loading_false"><!----></div><img src="https://leonardo.edadeal.io/dyn/cr/catalyst/offers/4mt3evyj3u2wjgsfw47wqkaspa.jpg" alt="Сосиски Колбарики, Иней, 170 г со скидкой" class="b-image__img" style=""></div></div> <div class="b-offer__offer-info"><div class="b-offer__badge">От&nbsp;2&nbsp;шт</div> <div class="b-offer__dates">По&nbsp;31&nbsp;августа <div title="Пятёрочка" class="b-image b-image_disabled_false b-image_cap_f b-image_img_vert b-image_loaded_true b-offer__retailer-icon"><div class="b-image__root"><div class="b-image__cap b-image__cap_loading_false"><!----></div><img src="https://leonardo.edadeal.io/dyn/re/retailers/images/icons/sq/06c522eb34f54fed99665f69cb0794b7.png" alt="Пятёрочка" class="b-image__img" style=""></div></div></div></div></div> <div class="b-offer__product-info"><div title="" class="b-offer__description">Сосиски Колбарики, Иней, 170&nbsp;г</div> <div class="b-offer__quantity"><!----> 170 г / 529,35 ₽ за кг</div></div> <div class="b-offer__footer"><div class="b-offer__prices"><div title="89,99 ₽" class="b-offer__price-new">89,99 ₽</div> <div title="179,99 ₽" class="b-offer__price-old">179,99 ₽</div> <!----></div> <!----></div></div></div></a><!----><a href="/sankt-peterburg/offers/d45b8617-5684-5d02-ae20-3ce77fb30e2c?from=%2Fsankt-peterburg%2Fretailers%2F5ka" class="p-retailer__offer"><div class="b-offer b-offer_disabled_false b-offer_view_default b-offer_is-outdated_false b-offer_is-recipe-drug_false b-offer_is-added-to-cart_false"><!----> <div class="b-offer__root"><div class="b-offer__header"><div class="b-image b-image_disabled_false b-image_cap_s b-image_img_vert b-image_loaded_true b-offer__preview"><div class="b-image__root"><div class="b-image__cap b-image__cap_loading_false"><!----></div><img src="https://leonardo.edadeal.io/dyn/cr/catalyst/offers/upkjha3ahp66kh7gwj735akev4.jpg" alt="Мармелад Французский Сад, Азовская КФ, 300 г со скидкой" class="b-image__img" style=""></div></div> <div class="b-offer__offer-info"><div class="b-offer__badge">-42%</div> <div class="b-offer__dates">По&nbsp;8&nbsp;августа <div title="Пятёрочка" class="b-image b-image_disabled_false b-image_cap_f b-image_img_vert b-image_loaded_true b-offer__retailer-icon"><div class="b-image__root"><div class="b-image__cap b-image__cap_loading_false"><!----></div><img src="https://leonardo.edadeal.io/dyn/re/retailers/images/icons/sq/06c522eb34f54fed99665f69cb0794b7.png" alt="Пятёрочка" class="b-image__img" style=""></div></div></div></div></div> <div class="b-offer__product-info"><div title="" class="b-offer__description">Мармелад Французский Сад, Азовская КФ, 300&nbsp;г</div> <div class="b-offer__quantity"><!----> 300 г / 233,30 ₽ за кг</div></div> <div class="b-offer__footer"><div class="b-offer__prices"><div title="69,99 ₽" class="b-offer__price-new">69,99 ₽</div> <div title="119,99 ₽" class="b-offer__price-old">119,99 ₽</div> <!----></div> <!----></div></div></div></a><!----><a href="/sankt-peterburg/offers/c37641d4-c8a4-56bb-900b-1342636e86d3?from=%2Fsankt-peterburg%2Fretailers%2F5ka" class="p-retailer__offer"><div class="b-offer b-offer_disabled_false b-offer_view_default b-offer_is-outdated_false b-offer_is-recipe-drug_false b-offer_is-added-to-cart_false"><!----> <div class="b-offer__root"><div class="b-offer__header"><div class="b-image b-image_disabled_false b-image_cap_s b-image_img_vert b-image_loaded_true b-offer__preview"><div class="b-image__root"><div class="b-image__cap b-image__cap_loading_false"><!----></div><img src="https://leonardo.edadeal.io/dyn/cr/catalyst/offers/4dfocebxlo4gxl6ouqf5fxo6zy.jpg" alt="Сосиски Баварушки, вареные, Стародворье, 420 г со скидкой" class="b-image__img" style=""></div></div> <div class="b-offer__offer-info"><div class="b-offer__badge">1+1</div> <div class="b-offer__dates">По&nbsp;8&nbsp;августа <div title="Пятёрочка" class="b-image b-image_disabled_false b-image_cap_f b-image_img_vert b-image_loaded_true b-offer__retailer-icon"><div class="b-image__root"><div class="b-image__cap b-image__cap_loading_false"><!----></div><img src="https://leonardo.edadeal.io/dyn/re/retailers/images/icons/sq/06c522eb34f54fed99665f69cb0794b7.png" alt="Пятёрочка" class="b-image__img" style=""></div></div></div></div></div> <div class="b-offer__product-info"><div title="" class="b-offer__description">Сосиски Баварушки, вареные, Стародворье, 420&nbsp;г</div> <div class="b-offer__quantity"><!----> 420 г / 285,48 ₽ за кг</div></div> <div class="b-offer__footer"><div class="b-offer__prices"><div title="119,90 ₽" class="b-offer__price-new">119,90 ₽</div> <div title="239,80 ₽" class="b-offer__price-old">239,80 ₽</div> <!----></div> <!----></div></div></div></a><!----><a href="/sankt-peterburg/offers/7b7fde7d-5db0-51c2-af1a-3ad67ed38788?from=%2Fsankt-peterburg%2Fretailers%2F5ka" class="p-retailer__offer"><div class="b-offer b-offer_disabled_false b-offer_view_default b-offer_is-outdated_false b-offer_is-recipe-drug_false b-offer_is-added-to-cart_false"><!----> <div class="b-offer__root"><div class="b-offer__header"><div class="b-image b-image_disabled_false b-image_cap_s b-image_img_vert b-image_loaded_true b-offer__preview"><div class="b-image__root"><div class="b-image__cap b-image__cap_loading_false"><!----></div><img src="https://leonardo.edadeal.io/dyn/cr/catalyst/offers/7tuf547sdld7ke3rjtixfm34re.jpg" alt="Сервелат Зернистый, варено-копченый, Останкино, 420 г со скидкой" class="b-image__img" style=""></div></div> <div class="b-offer__offer-info"><div class="b-offer__badge">От&nbsp;2&nbsp;шт</div> <div class="b-offer__dates">По&nbsp;8&nbsp;августа <div title="Пятёрочка" class="b-image b-image_disabled_false b-image_cap_f b-image_img_vert b-image_loaded_true b-offer__retailer-icon"><div class="b-image__root"><div class="b-image__cap b-image__cap_loading_false"><!----></div><img src="https://leonardo.edadeal.io/dyn/re/retailers/images/icons/sq/06c522eb34f54fed99665f69cb0794b7.png" alt="Пятёрочка" class="b-image__img" style=""></div></div></div></div></div> <div class="b-offer__product-info"><div title="" class="b-offer__description">Сервелат Зернистый, варено-копченый, Останкино, 420&nbsp;г</div> <div class="b-offer__quantity"><!----> 420 г / 380,93 ₽ за кг</div></div> <div class="b-offer__footer"><div class="b-offer__prices"><div title="159,99 ₽" class="b-offer__price-new">159,99 ₽</div> <div title="343,99 ₽" class="b-offer__price-old">343,99 ₽</div> <!----></div> <!----></div></div></div></a><!----><a href="/sankt-peterburg/offers/caea10bd-bbca-51a1-9dca-a11ebb6554ac?from=%2Fsankt-peterburg%2Fretailers%2F5ka" class="p-retailer__offer"><div class="b-offer b-offer_disabled_false b-offer_view_default b-offer_is-outdated_false b-offer_is-recipe-drug_false b-offer_is-added-to-cart_false"><!----> <div class="b-offer__root"><div class="b-offer__header"><div class="b-image b-image_disabled_false b-image_cap_s b-image_img_vert b-image_loaded_true b-offer__preview"><div class="b-image__root"><div class="b-image__cap b-image__cap_loading_false"><!----></div><img src="https://leonardo.edadeal.io/dyn/cr/catalyst/offers/t6fuabz7bgytblz7rusonm5pzq.jpg" alt="Колбаса Фирменная, полусухая, Дым Дымыч, 300 г со скидкой" class="b-image__img" style=""></div></div> <div class="b-offer__offer-info"><div class="b-offer__badge">-52%</div> <div class="b-offer__dates">По&nbsp;31&nbsp;августа <div title="Пятёрочка" class="b-image b-image_disabled_false b-image_cap_f b-image_img_vert b-image_loaded_true b-offer__retailer-icon"><div class="b-image__root"><div class="b-image__cap b-image__cap_loading_false"><!----></div><img src="https://leonardo.edadeal.io/dyn/re/retailers/images/icons/sq/06c522eb34f54fed99665f69cb0794b7.png" alt="Пятёрочка" class="b-image__img" style=""></div></div></div></div></div> <div class="b-offer__product-info"><div title="" class="b-offer__description">Колбаса Фирменная, полусухая, Дым Дымыч, 300&nbsp;г</div> <div class="b-offer__quantity"><!----> 300 г / 733,30 ₽ за кг</div></div> <div class="b-offer__footer"><div class="b-offer__prices"><div title="219,99 ₽" class="b-offer__price-new">219,99 ₽</div> <div title="449,99 ₽" class="b-offer__price-old">449,99 ₽</div> <!----></div> <!----></div></div></div></a><div id="offers_cards_place" class="p-retailer__rtb-block p-retailer__rtb-block_type_offers_cards"><div id="rtb-R-I-338751-8-4-19a6d1542e3bc" class="rtb-output-352a670fe3736"><div></div></div></div><a href="/sankt-peterburg/offers/a46571f2-6dde-53dd-86fe-1d9a76377d43?from=%2Fsankt-peterburg%2Fretailers%2F5ka" class="p-retailer__offer"><div class="b-offer b-offer_disabled_false b-offer_view_default b-offer_is-outdated_false b-offer_is-recipe-drug_false b-offer_is-added-to-cart_false"><!----> <div class="b-offer__root"><div class="b-offer__header"><div class="b-image b-image_disabled_false b-image_cap_s b-image_img_vert b-image_loaded_true b-offer__preview"><div class="b-image__root"><div class="b-image__cap b-image__cap_loading_false"><!----></div><img src="https://leonardo.edadeal.io/dyn/cr/catalyst/offers/ah7lm4rtjrowycshkarglvahqi.jpg" alt="Паста из морепродуктов Crème Le Mare, с чесноком, Балтийский Берег, 150 г со скидкой" class="b-image__img" style=""></div></div> <div class="b-offer__offer-info"><div class="b-offer__badge">1+1</div> <div class="b-offer__dates">По&nbsp;31&nbsp;августа <div title="Пятёрочка" class="b-image b-image_disabled_false b-image_cap_f b-image_img_vert b-image_loaded_true b-offer__retailer-icon"><div class="b-image__root"><div class="b-image__cap b-image__cap_loading_false"><!----></div><img src="https://leonardo.edadeal.io/dyn/re/retailers/images/icons/sq/06c522eb34f54fed99665f69cb0794b7.png" alt="Пятёрочка" class="b-image__img" style=""></div></div></div></div></div> <div class="b-offer__product-info"><div title="Паста из морепродуктов Crème Le Mare, с чесноком, Балтийский Берег, 150 г" class="b-offer__description">Паста из&nbsp;морепродуктов Crème Le Mare, с&nbsp;чесноком, Балтийский…</div> <div class="b-offer__quantity"><!----> 150 г / 399,93 ₽ за кг</div></div> <div class="b-offer__footer"><div class="b-offer__prices"><div title="59,99 ₽" class="b-offer__price-new">59,99 ₽</div> <div title="119,98 ₽" class="b-offer__price-old">119,98 ₽</div> <!----></div> <!----></div></div></div></a><!----><a href="/sankt-peterburg/offers/524b5a15-cc70-5aab-beb8-594738c32e30?from=%2Fsankt-peterburg%2Fretailers%2F5ka" class="p-retailer__offer"><div class="b-offer b-offer_disabled_false b-offer_view_default b-offer_is-outdated_false b-offer_is-recipe-drug_false b-offer_is-added-to-cart_false"><!----> <div class="b-offer__root"><div class="b-offer__header"><div class="b-image b-image_disabled_false b-image_cap_s b-image_img_vert b-image_loaded_true b-offer__preview"><div class="b-image__root"><div class="b-image__cap b-image__cap_loading_false"><!----></div><img src="https://leonardo.edadeal.io/dyn/cr/catalyst/offers/eg5e33kbua6m5a6cbydabes4rm.jpg" alt="Паста из морепродуктов Crème Le Mare, сливочная, Балтийский Берег, 150 г со скидкой" class="b-image__img" style=""></div></div> <div class="b-offer__offer-info"><div class="b-offer__badge">1+1</div> <div class="b-offer__dates">По&nbsp;31&nbsp;августа <div title="Пятёрочка" class="b-image b-image_disabled_false b-image_cap_f b-image_img_vert b-image_loaded_true b-offer__retailer-icon"><div class="b-image__root"><div class="b-image__cap b-image__cap_loading_false"><!----></div><img src="https://leonardo.edadeal.io/dyn/re/retailers/images/icons/sq/06c522eb34f54fed99665f69cb0794b7.png" alt="Пятёрочка" class="b-image__img" style=""></div></div></div></div></div> <div class="b-offer__product-info"><div title="Паста из морепродуктов Crème Le Mare, сливочная, Балтийский Берег, 150 г" class="b-offer__description">Паста из&nbsp;морепродуктов Crème Le Mare, сливочная, Балтийский…</div> <div class="b-offer__quantity"><!----> 150 г / 399,93 ₽ за кг</div></div> <div class="b-offer__footer"><div class="b-offer__prices"><div title="59,99 ₽" class="b-offer__price-new">59,99 ₽</div> <div title="119,98 ₽" class="b-offer__price-old">119,98 ₽</div> <!----></div> <!----></div></div></div></a><!----><a href="/sankt-peterburg/offers/45f7666c-e4fa-5c69-9049-359c4844d9a6?from=%2Fsankt-peterburg%2Fretailers%2F5ka" class="p-retailer__offer"><div class="b-offer b-offer_disabled_false b-offer_view_default b-offer_is-outdated_false b-offer_is-recipe-drug_false b-offer_is-added-to-cart_false"><!----> <div class="b-offer__root"><div class="b-offer__header"><div class="b-image b-image_disabled_false b-image_cap_s b-image_img_vert b-image_loaded_true b-offer__preview"><div class="b-image__root"><div class="b-image__cap b-image__cap_loading_false"><!----></div><img src="https://leonardo.edadeal.io/dyn/cr/catalyst/offers/o37ubmx2kla6lq3yptvwn4krva.jpg" alt="Приправа Maggi На второе, для сочной курицы с паприкой, 34 г со скидкой" class="b-image__img" style=""></div></div> <div class="b-offer__offer-info"><div class="b-offer__badge">1+1</div> <div class="b-offer__dates">По&nbsp;31&nbsp;августа <div title="Пятёрочка" class="b-image b-image_disabled_false b-image_cap_f b-image_img_vert b-image_loaded_true b-offer__retailer-icon"><div class="b-image__root"><div class="b-image__cap b-image__cap_loading_false"><!----></div><img src="https://leonardo.edadeal.io/dyn/re/retailers/images/icons/sq/06c522eb34f54fed99665f69cb0794b7.png" alt="Пятёрочка" class="b-image__img" style=""></div></div></div></div></div> <div class="b-offer__product-info"><div title="" class="b-offer__description">Приправа Maggi На&nbsp;второе, для сочной курицы с&nbsp;паприкой, 34&nbsp;г</div> <div class="b-offer__quantity"><!----> 34 г / 1&nbsp;117,35 ₽ за кг</div></div> <div class="b-offer__footer"><div class="b-offer__prices"><div title="37,99 ₽" class="b-offer__price-new">37,99 ₽</div> <div title="75,98 ₽" class="b-offer__price-old">75,98 ₽</div> <!----></div> <!----></div></div></div></a><!----><a href="/sankt-peterburg/offers/09a3006a-33af-53f4-b56a-112bf300491f?from=%2Fsankt-peterburg%2Fretailers%2F5ka" class="p-retailer__offer"><div class="b-offer b-offer_disabled_false b-offer_view_default b-offer_is-outdated_false b-offer_is-recipe-drug_false b-offer_is-added-to-cart_false"><!----> <div class="b-offer__root"><div class="b-offer__header"><div class="b-image b-image_disabled_false b-image_cap_s b-image_img_vert b-image_loaded_true b-offer__preview"><div class="b-image__root"><div class="b-image__cap b-image__cap_loading_false"><!----></div><img src="https://leonardo.edadeal.io/dyn/cr/catalyst/offers/hfjeim7i2nkemq2g34tonurzcm.jpg" alt="Котлеты Четверг, рыбные из трески, замороженные, Мурман Фиш, 300 г со скидкой" class="b-image__img" style=""></div></div> <div class="b-offer__offer-info"><div class="b-offer__badge">-36%</div> <div class="b-offer__dates">По&nbsp;8&nbsp;августа <div title="Пятёрочка" class="b-image b-image_disabled_false b-image_cap_f b-image_img_vert b-image_loaded_true b-offer__retailer-icon"><div class="b-image__root"><div class="b-image__cap b-image__cap_loading_false"><!----></div><img src="https://leonardo.edadeal.io/dyn/re/retailers/images/icons/sq/06c522eb34f54fed99665f69cb0794b7.png" alt="Пятёрочка" class="b-image__img" style=""></div></div></div></div></div> <div class="b-offer__product-info"><div title="Котлеты Четверг, рыбные из трески, замороженные, Мурман Фиш, 300 г" class="b-offer__description">Котлеты Четверг, рыбные из&nbsp;трески, замороженные, Мурман Фиш,…</div> <div class="b-offer__quantity"><!----> 300 г / 366,63 ₽ за кг</div></div> <div class="b-offer__footer"><div class="b-offer__prices"><div title="109,99 ₽" class="b-offer__price-new">109,99 ₽</div> <div title="169,99 ₽" class="b-offer__price-old">169,99 ₽</div> <!----></div> <!----></div></div></div></a><!----><a href="/sankt-peterburg/offers/671281f3-3632-5854-8625-7d8373d07afe?from=%2Fsankt-peterburg%2Fretailers%2F5ka" class="p-retailer__offer"><div class="b-offer b-offer_disabled_false b-offer_view_default b-offer_is-outdated_false b-offer_is-recipe-drug_false b-offer_is-added-to-cart_false"><!----> <div class="b-offer__root"><div class="b-offer__header"><div class="b-image b-image_disabled_false b-image_cap_s b-image_img_vert b-image_loaded_true b-offer__preview"><div class="b-image__root"><div class="b-image__cap b-image__cap_loading_false"><!----></div><img src="https://leonardo.edadeal.io/dyn/cr/catalyst/offers/xu277faenp2lxo75y5abhzn6oe.jpg" alt="Приправа Maggi На второе, для сочной курицы с чесноком, 38 г со скидкой" class="b-image__img" style=""></div></div> <div class="b-offer__offer-info"><div class="b-offer__badge">1+1</div> <div class="b-offer__dates">По&nbsp;31&nbsp;августа <div title="Пятёрочка" class="b-image b-image_disabled_false b-image_cap_f b-image_img_vert b-image_loaded_true b-offer__retailer-icon"><div class="b-image__root"><div class="b-image__cap b-image__cap_loading_false"><!----></div><img src="https://leonardo.edadeal.io/dyn/re/retailers/images/icons/sq/06c522eb34f54fed99665f69cb0794b7.png" alt="Пятёрочка" class="b-image__img" style=""></div></div></div></div></div> <div class="b-offer__product-info"><div title="" class="b-offer__description">Приправа Maggi На&nbsp;второе, для сочной курицы с&nbsp;чесноком, 38&nbsp;г</div> <div class="b-offer__quantity"><!----> 38 г / 999,74 ₽ за кг</div></div> <div class="b-offer__footer"><div class="b-offer__prices"><div title="37,99 ₽" class="b-offer__price-new">37,99 ₽</div> <div title="75,98 ₽" class="b-offer__price-old">75,98 ₽</div> <!----></div> <!----></div></div></div></a><!----><a href="/sankt-peterburg/offers/0bf3b060-f1e4-5f05-a3ff-e12351b94b0f?from=%2Fsankt-peterburg%2Fretailers%2F5ka" class="p-retailer__offer"><div class="b-offer b-offer_disabled_false b-offer_view_default b-offer_is-outdated_false b-offer_is-recipe-drug_false b-offer_is-added-to-cart_false"><!----> <div class="b-offer__root"><div class="b-offer__header"><div class="b-image b-image_disabled_false b-image_cap_s b-image_img_vert b-image_loaded_true b-offer__preview"><div class="b-image__root"><div class="b-image__cap b-image__cap_loading_false"><!----></div><img src="https://leonardo.edadeal.io/dyn/cr/catalyst/offers/sgxudy6qc2jwugw7k55b54smlm.jpg" alt="Приправа Kotanyi, шашлык на углях, 30 г со скидкой" class="b-image__img" style=""></div></div> <div class="b-offer__offer-info"><div class="b-offer__badge">От&nbsp;3&nbsp;шт</div> <div class="b-offer__dates">По&nbsp;8&nbsp;августа <div title="Пятёрочка" class="b-image b-image_disabled_false b-image_cap_f b-image_img_vert b-image_loaded_true b-offer__retailer-icon"><div class="b-image__root"><div class="b-image__cap b-image__cap_loading_false"><!----></div><img src="https://leonardo.edadeal.io/dyn/re/retailers/images/icons/sq/06c522eb34f54fed99665f69cb0794b7.png" alt="Пятёрочка" class="b-image__img" style=""></div></div></div></div></div> <div class="b-offer__product-info"><div title="" class="b-offer__description">Приправа Kotanyi, шашлык на&nbsp;углях, 30&nbsp;г</div> <div class="b-offer__quantity"><!----> 30 г / 1&nbsp;333,00 ₽ за кг</div></div> <div class="b-offer__footer"><div class="b-offer__prices"><div title="39,99 ₽" class="b-offer__price-new">39,99 ₽</div> <div title="71,99 ₽" class="b-offer__price-old">71,99 ₽</div> <!----></div> <!----></div></div></div></a> <!----></div><!----></div> <div class="b-pagination b-pagination_disabled_false b-pagination_overflow_true p-retailer__pagination"><div class="b-pagination__root"><div class="b-pagination__pages"><!----> <!----> <!----><div class="b-button b-button_disabled_false b-button_theme_blank b-button_shape_square b-button_size_m b-button_justify_center b-button_selected_true b-pagination__n"><a href="/sankt-peterburg/retailers/5ka" class="b-button__root"><!----> <div class="b-button__content">1</div> <!----></a></div><div class="b-button b-button_disabled_false b-button_theme_blank b-button_shape_square b-button_size_m b-button_justify_center b-button_selected_false b-pagination__n"><a href="/sankt-peterburg/retailers/5ka?page=2" class="b-button__root"><!----> <div class="b-button__content">2</div> <!----></a></div><div class="b-button b-button_disabled_false b-button_theme_blank b-button_shape_square b-button_size_m b-button_justify_center b-button_selected_false b-pagination__n"><a href="/sankt-peterburg/retailers/5ka?page=3" class="b-button__root"><!----> <div class="b-button__content">3</div> <!----></a></div><div class="b-button b-button_disabled_false b-button_theme_blank b-button_shape_square b-button_size_m b-button_justify_center b-button_selected_false b-pagination__n"><a href="/sankt-peterburg/retailers/5ka?page=4" class="b-button__root"><!----> <div class="b-button__content">4</div> <!----></a></div><div class="b-button b-button_disabled_false b-button_theme_blank b-button_shape_square b-button_size_m b-button_justify_center b-button_selected_false b-pagination__n"><a href="/sankt-peterburg/retailers/5ka?page=5" class="b-button__root"><!----> <div class="b-button__content">5</div> <!----></a></div><div class="b-button b-button_disabled_false b-button_theme_blank b-button_shape_square b-button_size_m b-button_justify_center b-button_selected_false b-pagination__n"><a href="/sankt-peterburg/retailers/5ka?page=6" class="b-button__root"><!----> <div class="b-button__content">6</div> <!----></a></div><div class="b-button b-button_disabled_false b-button_theme_blank b-button_shape_square b-button_size_m b-button_justify_center b-button_selected_false b-pagination__n"><a href="/sankt-peterburg/retailers/5ka?page=7" class="b-button__root"><!----> <div class="b-button__content">7</div> <!----></a></div> <div class="b-pagination__dummy">…  </div><!----> <div class="b-button b-button_disabled_false b-button_theme_blank b-button_shape_square b-button_size_m b-button_justify_center b-button_selected_false b-pagination__n"><a href="/sankt-peterburg/retailers/5ka?page=30" class="b-button__root"><!----> <div class="b-button__content">30</div> <!----></a></div></div> <div class="b-button b-button_disabled_false b-button_theme_blank b-button_shape_default b-button_size_m b-button_justify_start b-button_selected_false b-pagination__next"><a href="/sankt-peterburg/retailers/5ka?page=2" class="b-button__root"><!----> <div class="b-button__content">Вперед →</div> <!----></a></div></div></div> <div id="pagination_place" class="p-retailer__rtb-block p-retailer__rtb-block_type_pagination" style="height: auto;"><div id="rtb-R-I-338751-1-5-1754c967c83a54" class="rtb-output-352a670fe3736"><yatag class="jb181c06a k958fda78"><style type="text/css">.k958fda78{opacity: !important;white-space:normal !important;visibility:visible !important}.k958fda78,.k958fda78 yatag{display:block !important;font-family:inherit !important}.k958fda78,.k958fda78,.k958fda78 a,.k958fda78 b,.k958fda78 em,.k958fda78 iframe,.k958fda78 img,.k958fda78 table,.k958fda78 tbody,.k958fda78 td,.k958fda78 tr,.k958fda78 yatag{-webkit-box-sizing:content-box !important;box-sizing:content-box !important;color:inherit !important;font-size:inherit !important;font-weight:inherit !important;-webkit-hyphens:manual !important;-ms-hyphens:manual !important;hyphens:manual !important;-webkit-transition:none !important;-o-transition:none !important;transition:none !important}.k958fda78,.k958fda78 a,.k958fda78 b,.k958fda78 em,.k958fda78 iframe,.k958fda78 img,.k958fda78 table,.k958fda78 tbody,.k958fda78 td,.k958fda78 tr{background:none !important;border:none !important;border-radius:0 !important;border-spacing:0 !important;border-collapse:collapse !important;clear:none !important;float:none !important;font-variant:normal !important;letter-spacing:normal !important;line-height:normal !important;margin:0 !important;max-height:none !important;max-width:none !important;min-height:0 !important;min-width:0 !important;outline:none !important;padding:0 !important;position:static !important;text-align:left !important;text-decoration:none !important;text-indent:0 !important;text-transform:none !important;vertical-align:baseline !important;visibility:inherit !important;word-spacing:normal !important}.k958fda78,.k958fda78 a,.k958fda78 b,.k958fda78 em,.k958fda78 img,.k958fda78 table,.k958fda78 tbody,.k958fda78 td,.k958fda78 tr{height:auto !important}.k958fda78 table{display:table !important;empty-cells:hide !important;table-layout:fixed !important}.k958fda78 table,.k958fda78 td{font-size:100% !important}.k958fda78 td{display:table-cell !important;vertical-align:middle !important}.k958fda78{width:auto !important;height:auto !important;overflow:visible !important}.k958fda78 .cb7102727{position:relative !important;margin:auto !important;display:-webkit-box !important;display:-ms-flexbox !important;display:flex !important;-webkit-box-pack:center !important;-ms-flex-pack:center !important;justify-content:center !important;-webkit-box-align:center !important;-ms-flex-align:center !important;align-items:center !important;overflow:hidden !important}.k958fda78 .meb119b87{padding:10px 16px 86px !important}.k958fda78 .r8353a8c8,.k958fda78 .d140d96a{position:absolute !important;z-index:1 !important;top:0 !important;left:0 !important;right:0 !important;bottom:0 !important;width:100% !important;height:100% !important;display:none !important}.k958fda78 .m741eddaf{width:100% !important;height:100% !important;position:absolute !important;pointer-events:none !important}.k958fda78 .e1aaee820{position:relative !important;z-index:2 !important}.k958fda78 .ob14e6c97{position:relative !important;top:0 !important;left:0 !important;width:100% !important;height:100% !important;-webkit-transform-origin:0 0 !important;transform-origin:0 0 !important}.k958fda78 .ob14e6c97 iframe{position:absolute !important;top:0 !important;left:0 !important;width:100% !important;height:100% !important}.k958fda78 .cf5fdf888{position:absolute !important;width:100% !important;right:0 !important;top:0 !important;z-index:20 !important}.k958fda78 .pcb4e8c90{position:absolute !important;z-index:21 !important;top:0 !important;left:0 !important;width:100% !important;height:100% !important}.k958fda78 .t565dc7e2{position:absolute !important;top:0 !important;left:0 !important;z-index:10 !important;height:16px !important;padding:0 4px !important;font-size:11px !important;line-height:16px !important;color:#000 !important;text-decoration:none !important;background:#fff !important;border:1px solid #e5e5e5 !important;border-bottom-right-radius:3px !important;cursor:pointer !important}.k958fda78 .lf8b60a6{border:1px solid #303050 !important}.k958fda78 .xc38ce0c2{max-width:100% !important;max-height:100% !important}.k958fda78 .xc38ce0c2 .r8353a8c8,.k958fda78 .xc38ce0c2 .d140d96a{display:block !important}.k958fda78 .xc38ce0c2 .d140d96a{-webkit-filter:blur(10px) saturate(0) contrast(400%) !important;filter:blur(10px) saturate(0) contrast(400%) !important}.k958fda78 .xc38ce0c2 .r8353a8c8{background-color:rgba(38,38,38,.9) !important}.k958fda78 .c17575c64{-webkit-box-pack:start !important;-ms-flex-pack:start !important;justify-content:flex-start !important}.k958fda78 .gb1ce96d0,.k958fda78 .hc2e05d38{visibility:hidden !important;opacity:0 !important}.k958fda78 .hc2e05d38{max-width:1px !important;max-height:1px !important}.k958fda78 .b28e5d3e2{position:absolute !important;bottom:20px !important;left:16px !important;right:16px !important;z-index:3 !important;display:-webkit-box !important;display:-ms-flexbox !important;display:flex !important}@media (orientation:landscape){.k958fda78 .b28e5d3e2{margin:0 auto !important;width:260px !important}}.k958fda78 .ncf7f8eb1{height:48px !important;line-height:48px !important;font-size:16px !important;border-radius:8px !important;text-align:center !important;font-weight:700 !important;-ms-flex-item-align:stretch !important;align-self:stretch !important;padding:0 20px !important;white-space:nowrap !important;min-width:0 !important}.k958fda78 .qfbc5e2ca{background:-webkit-gradient(linear,left top,left bottom,from(#efefef),to(#e5e5e5)) !important;background:-o-linear-gradient(top,#efefef 0,#e5e5e5 100%) !important;background:linear-gradient(180deg,#efefef,#e5e5e5) !important;margin-right:8px !important;-webkit-box-flex:2 !important;-ms-flex:2 1 !important;flex:2 1 !important}.k958fda78 .rdbcb4894{background:-webkit-gradient(linear,left top,right top,color-stop(-40%,#f60),color-stop(20%,rgba(255,102,0,0))),-webkit-gradient(linear,right top,left top,color-stop(-40%,#f60),color-stop(20%,rgba(255,102,0,0))),-webkit-gradient(linear,left bottom,left top,color-stop(-80%,#f60),color-stop(80%,#fd0)) !important;background:-o-linear-gradient(left,#f60 -40%,rgba(255,102,0,0) 20%),-o-linear-gradient(right,#f60 -40%,rgba(255,102,0,0) 20%),-o-linear-gradient(bottom,#f60 -80%,#fd0 80%) !important;background:linear-gradient(90deg,#f60 -40%,rgba(255,102,0,0) 20%),linear-gradient(270deg,#f60 -40%,rgba(255,102,0,0) 20%),linear-gradient(0deg,#f60 -80%,#fd0 80%) !important;-webkit-box-flex:3 !important;-ms-flex:3 1 !important;flex:3 1 !important}.k958fda78 .bb4d4ebfe{display:inline-block !important;margin-left:8px !important}.k958fda78 .r9a6dbc97{position:absolute !important;left:-1000px !important;top:-1000px !important;width:1px !important;height:1px !important;display:block !important}.k958fda78 .g9169fd3f{cursor:pointer !important;position:absolute !important;right:4px !important;top:4px !important;z-index:10 !important}.k958fda78 .udfff0b6a.g9169fd3f{display:-webkit-box !important;display:-ms-flexbox !important;display:flex !important;-webkit-box-align:center !important;-ms-flex-align:center !important;align-items:center !important;-webkit-box-pack:center !important;-ms-flex-pack:center !important;justify-content:center !important;pointer-events:auto !important;border-radius:50% !important;-webkit-user-select:none !important;-moz-user-select:none !important;-ms-user-select:none !important;user-select:none !important;-webkit-tap-highlight-color:transparent !important}.k958fda78 .udfff0b6a.g9169fd3f:before{content:"" !important;position:absolute !important;top:-4px !important;left:50% !important;-webkit-transform:translateX(-50%) !important;transform:translateX(-50%) !important}.k958fda78 .udfff0b6a.g9169fd3f:hover .me03fd5cf{opacity:.8 !important}.k958fda78 .udfff0b6a.g9169fd3f.g4bf02784 .me03fd5cf{background-color:#fff !important;opacity:.8 !important}.k958fda78 .udfff0b6a.g9169fd3f.g4bf02784 .yf788af01 svg{fill:#575c66 !important}.k958fda78 .udfff0b6a.g9169fd3f.xd730a71c .me03fd5cf,.k958fda78 .udfff0b6a.g9169fd3f.va84fc03e .me03fd5cf{background:none !important}.k958fda78 .udfff0b6a.g9169fd3f.xd730a71c:hover{background-color:#e9e9e9 !important}.k958fda78 .udfff0b6a.g9169fd3f.xd730a71c .yf788af01 svg{fill:#242526 !important}.k958fda78 .udfff0b6a.g9169fd3f.xd730a71c .d5788287d{color:#242526 !important}.k958fda78 .udfff0b6a.g9169fd3f.va84fc03e:hover{background-color:rgba(248,250,255,.2) !important}.k958fda78 .udfff0b6a.g9169fd3f.va84fc03e .yf788af01 svg{fill:#fff !important}.k958fda78 .udfff0b6a.g9169fd3f.va84fc03e .d5788287d{color:#fff !important}.k958fda78 .udfff0b6a.m1ee8eb91{width:12px !important;height:12px !important}.k958fda78 .udfff0b6a.m1ee8eb91:before{width:28px !important;height:28px !important}.k958fda78 .udfff0b6a.m1ee8eb91 .yf788af01{-webkit-transform:scale(.6) !important;transform:scale(.6) !important}.k958fda78 .udfff0b6a.h77eb1769{width:16px !important;height:16px !important}.k958fda78 .udfff0b6a.h77eb1769:before{width:32px !important;height:32px !important}.k958fda78 .udfff0b6a.h77eb1769 .yf788af01{-webkit-transform:scale(.8) !important;transform:scale(.8) !important}.k958fda78 .udfff0b6a.v66493337{width:24px !important;height:24px !important}.k958fda78 .udfff0b6a.v66493337:before{width:42px !important;height:42px !important}.k958fda78 .udfff0b6a.ac60e77d6{width:28px !important;height:28px !important}.k958fda78 .udfff0b6a.ac60e77d6:before{width:42px !important;height:42px !important}.k958fda78 .udfff0b6a.ka73ecf0e{width:32px !important;height:32px !important}.k958fda78 .udfff0b6a.ka73ecf0e:before{width:48px !important;height:48px !important}.k958fda78 .me03fd5cf{height:100% !important;width:100% !important;position:absolute !important;top:0 !important;left:0 !important;z-index:-1 !important;border-radius:inherit !important;-webkit-transition:opacity .15s !important;-o-transition:opacity .15s !important;transition:opacity .15s !important;-webkit-transition:background-color .5s ease-in-out !important;-o-transition:background-color .5s ease-in-out !important;transition:background-color .5s ease-in-out !important}.k958fda78 .me03fd5cf.f5739c180{background:rgba(26,43,77,.4) !important;color:#fff !important}.k958fda78 .me03fd5cf.f5739c180:hover{opacity:.5 !important}.k958fda78 .me03fd5cf.g176a4922{background:hsla(0,0%,100%,.8) !important;color:#3a3c40 !important}.k958fda78 .me03fd5cf.g176a4922:hover{opacity:.9 !important}.k958fda78 .me03fd5cf.b30ff9e05{background:none !important}.k958fda78 .udfff0b6a .yf788af01{display:-webkit-box !important;display:-ms-flexbox !important;display:flex !important;-webkit-box-align:center !important;-ms-flex-align:center !important;align-items:center !important;-webkit-box-pack:center !important;-ms-flex-pack:center !important;justify-content:center !important;pointer-events:none !important}.k958fda78 .udfff0b6a .yf788af01.f5739c180 svg{fill:#fff !important}.k958fda78 .udfff0b6a .yf788af01.f5739c180 svg,.k958fda78 .udfff0b6a .yf788af01.g176a4922 svg{-webkit-transition:fill .5s ease-in-out !important;-o-transition:fill .5s ease-in-out !important;transition:fill .5s ease-in-out !important}.k958fda78 .udfff0b6a .yf788af01.g176a4922 svg{fill:#242526 !important}.k958fda78 .d5788287d{display:-webkit-box !important;display:-ms-flexbox !important;display:flex !important;-webkit-box-align:center !important;-ms-flex-align:center !important;align-items:center !important;-webkit-box-pack:center !important;-ms-flex-pack:center !important;justify-content:center !important;pointer-events:none !important}.k958fda78 .d5788287d.f5739c180{color:#fff !important}.k958fda78 .d5788287d.g176a4922{color:#242526 !important}@-webkit-keyframes v8980b32f{0%,to{opacity:0 !important;visibility:hidden !important}4%,96%{visibility:visible !important;opacity:1 !important}}@keyframes v8980b32f{0%,to{opacity:0 !important;visibility:hidden !important}4%,96%{visibility:visible !important;opacity:1 !important}}@media (hover:hover) and (pointer:fine){.k958fda78 .x34af1d8e:hover .n6b0382d5{opacity:0 !important;visibility:hidden !important}.k958fda78 .x34af1d8e:hover .d553cf620{visibility:visible !important;opacity:1 !important}.k958fda78 .x34af1d8e[data-active]:hover .d553cf620{opacity:0 !important;visibility:hidden !important}.k958fda78 .x34af1d8e[data-active]:hover .n6b0382d5{visibility:visible !important;opacity:1 !important}}.k958fda78 .x34af1d8e.ha124d67e{right:45px !important}.k958fda78 .x34af1d8e.ha124d67e .a40246595.n6b0382d5{-webkit-transform:translateX(41px) !important;transform:translateX(41px) !important}.k958fda78 .x34af1d8e.ha124d67e .a40246595.n6b0382d5 .x5a63836c{-webkit-transform:translateX(-43px) !important;transform:translateX(-43px) !important}.k958fda78 .x34af1d8e{right:36px !important;width:32px !important}.k958fda78 .x34af1d8e[data-active] svg{color:#ee4f4f !important;fill:#ee4f4f !important}.k958fda78 .x34af1d8e[data-active] .n6b0382d5{-webkit-animation:v8980b32f 8s linear !important;animation:v8980b32f 8s linear !important}.k958fda78 .x34af1d8e .a40246595{position:absolute !important;color:#fff !important;opacity:0 !important;visibility:hidden !important;white-space:nowrap !important;top:29px !important;right:50% !important;-webkit-transform:translateX(50%) !important;transform:translateX(50%) !important;background:#343334 !important;border-radius:6px !important;padding:0 8px !important;height:24px !important;line-height:24px !important;font-size:11px !important;-webkit-transition:all .2s !important;-o-transition:all .2s !important;transition:all .2s !important}.k958fda78 .x34af1d8e .a40246595.n6b0382d5{-webkit-transform:translateX(32px) !important;transform:translateX(32px) !important;right:0 !important}.k958fda78 .x34af1d8e .a40246595.n6b0382d5 .x5a63836c{right:0 !important;-webkit-transform:translateX(-34px) !important;transform:translateX(-34px) !important}.k958fda78 .x34af1d8e .a40246595 .gf0017968{font-size:11px !important}.k958fda78 .x34af1d8e .a40246595 .x5a63836c{width:28px !important;height:8px !important;position:absolute !important;top:-6px !important;right:50% !important;-webkit-transform:translateX(50%) !important;transform:translateX(50%) !important;display:-webkit-box !important;display:-ms-flexbox !important;display:flex !important;-webkit-box-align:center !important;-ms-flex-align:center !important;align-items:center !important;-webkit-box-pack:center !important;-ms-flex-pack:center !important;justify-content:center !important}.k958fda78 .x34af1d8e .a40246595 .v1f200175{color:#ffd400 !important;text-decoration:none !important;text-transform:lowercase !important}.k958fda78 .ka3bf4606{margin-left:2px !important;pointer-events:auto !important;font-family:inherit !important;position:relative !important;-ms-flex-item-align:center !important;align-self:center !important}.k958fda78 .x4e068763{display:-webkit-box !important;display:-ms-flexbox !important;display:flex !important;-webkit-box-align:center !important;-ms-flex-align:center !important;align-items:center !important;cursor:pointer !important;position:absolute !important;left:4px !important;top:4px !important;z-index:10 !important;font-family:Helvetica,Arial,sans-serif !important;white-space:nowrap !important;height:12px !important;line-height:normal !important;-webkit-box-sizing:border-box !important;box-sizing:border-box !important;padding:0 4px !important;color:hsla(0,0%,100%,.8) !important;border-radius:16px !important;font-size:8px !important;text-transform:uppercase !important;letter-spacing:.125em !important;pointer-events:none !important;-webkit-transition:color .5s ease-in-out !important;-o-transition:color .5s ease-in-out !important;transition:color .5s ease-in-out !important}.k958fda78 .x4e068763,.k958fda78 .x4e068763>a{text-decoration:none !important}.k958fda78 .x4e068763>a{color:inherit !important}.k958fda78 .x4e068763.g4bf02784{color:#575c66 !important;background-color:#fff !important;opacity:.8 !important}.k958fda78 .x4e068763.xd730a71c,.k958fda78 .x4e068763.g176a4922{color:#3a3c40 !important}.k958fda78 .x4e068763.g176a4922{background:hsla(0,0%,100%,.8) !important}.k958fda78 .x4e068763.f5739c180,.k958fda78 .x4e068763.va84fc03e{color:#fff !important}.k958fda78 .x4e068763.f5739c180{background:rgba(26,43,77,.4) !important}.k958fda78 .x4e068763.g17af99c3,.k958fda78 .x4e068763.jbf981c3f{top:auto !important;left:auto !important;right:0 !important;bottom:0 !important;background:none !important;text-shadow:none !important;font-size:7px !important;padding:0 !important;height:auto !important;opacity:.8 !important;-webkit-backdrop-filter:none !important;backdrop-filter:none !important}.k958fda78 .x4e068763.b30ff9e05{background:none !important}.k958fda78 .x4e068763.uf0caa2d3{max-width:calc(100% - 42px) !important}.k958fda78 .he86efbcc{margin:0 2px !important}.k958fda78 .g65bdce00{text-decoration:none !important;pointer-events:auto !important;color:inherit !important}.k958fda78 .p587b410e{position:absolute !important;right:-2px !important;top:0 !important;z-index:9 !important;pointer-events:auto !important}.k958fda78 .uc631afa3{background:red !important}</style><yatag class="r9a6dbc97"></yatag><yatag class="cb7102727 x1534258f g403f013"><yatag class="e1aaee820" style="width: 728px !important; height: 90px !important;"><yatag id="ya_partner_R-I-338751-1-5" class="ob14e6c97" style="width: 728px !important; height: 90px !important;"><div></div></yatag><yatag class="x4e068763 g4bf02784" data-test="AdKebabAndLabel--adLabelContent" data-label="true">Реклама</yatag><yatag class="cf5fdf888 b8690d0f i10a0580e"><yatag data-close="true" data-new-adtune="true" data-sticky-adtune="false" class="udfff0b6a g9169fd3f g4bf02784 v66493337"><yatag class="me03fd5cf b30ff9e05"></yatag><yatag class="yf788af01"><svg width="8" height="20" viewBox="0 0 8 20" fill="white" xmlns="http://www.w3.org/2000/svg"><circle cx="4" cy="4" r="1.5"></circle><circle cx="4" cy="10" r="1.5"></circle><circle cx="4" cy="16" r="1.5"></circle></svg></yatag></yatag></yatag></yatag></yatag></yatag></div></div></div><div class="p-retailer__sub-column"><!----> <div class="p-retailer__rtb"><div id="sidebar_middle_place" class="p-retailer__rtb-block p-retailer__rtb-block_type_sidebar_middle"><div id="rtb-R-I-338751-5-1-1bbc119dc347a8" class="rtb-output-352a670fe3736"><yatag class="jb181c06a x11cfea78"><style type="text/css">.x11cfea78{opacity: !important;white-space:normal !important;visibility:visible !important}.x11cfea78,.x11cfea78 yatag{display:block !important;font-family:inherit !important}.x11cfea78,.x11cfea78,.x11cfea78 a,.x11cfea78 b,.x11cfea78 em,.x11cfea78 iframe,.x11cfea78 img,.x11cfea78 table,.x11cfea78 tbody,.x11cfea78 td,.x11cfea78 tr,.x11cfea78 yatag{-webkit-box-sizing:content-box !important;box-sizing:content-box !important;color:inherit !important;font-size:inherit !important;font-weight:inherit !important;-webkit-hyphens:manual !important;-ms-hyphens:manual !important;hyphens:manual !important;-webkit-transition:none !important;-o-transition:none !important;transition:none !important}.x11cfea78,.x11cfea78 a,.x11cfea78 b,.x11cfea78 em,.x11cfea78 iframe,.x11cfea78 img,.x11cfea78 table,.x11cfea78 tbody,.x11cfea78 td,.x11cfea78 tr{background:none !important;border:none !important;border-radius:0 !important;border-spacing:0 !important;border-collapse:collapse !important;clear:none !important;float:none !important;font-variant:normal !important;letter-spacing:normal !important;line-height:normal !important;margin:0 !important;max-height:none !important;max-width:none !important;min-height:0 !important;min-width:0 !important;outline:none !important;padding:0 !important;position:static !important;text-align:left !important;text-decoration:none !important;text-indent:0 !important;text-transform:none !important;vertical-align:baseline !important;visibility:inherit !important;word-spacing:normal !important}.x11cfea78,.x11cfea78 a,.x11cfea78 b,.x11cfea78 em,.x11cfea78 img,.x11cfea78 table,.x11cfea78 tbody,.x11cfea78 td,.x11cfea78 tr{height:auto !important}.x11cfea78 table{display:table !important;empty-cells:hide !important;table-layout:fixed !important}.x11cfea78 table,.x11cfea78 td{font-size:100% !important}.x11cfea78 td{display:table-cell !important;vertical-align:middle !important}.x11cfea78{width:auto !important;height:auto !important;overflow:visible !important}.x11cfea78 .cb7102727{position:relative !important;margin:auto !important;display:-webkit-box !important;display:-ms-flexbox !important;display:flex !important;-webkit-box-pack:center !important;-ms-flex-pack:center !important;justify-content:center !important;-webkit-box-align:center !important;-ms-flex-align:center !important;align-items:center !important;overflow:hidden !important}.x11cfea78 .meb119b87{padding:10px 16px 86px !important}.x11cfea78 .r8353a8c8,.x11cfea78 .d140d96a{position:absolute !important;z-index:1 !important;top:0 !important;left:0 !important;right:0 !important;bottom:0 !important;width:100% !important;height:100% !important;display:none !important}.x11cfea78 .m741eddaf{width:100% !important;height:100% !important;position:absolute !important;pointer-events:none !important}.x11cfea78 .e1aaee820{position:relative !important;z-index:2 !important}.x11cfea78 .ob14e6c97{position:relative !important;top:0 !important;left:0 !important;width:100% !important;height:100% !important;-webkit-transform-origin:0 0 !important;transform-origin:0 0 !important}.x11cfea78 .ob14e6c97 iframe{position:absolute !important;top:0 !important;left:0 !important;width:100% !important;height:100% !important}.x11cfea78 .cf5fdf888{position:absolute !important;width:100% !important;right:0 !important;top:0 !important;z-index:20 !important}.x11cfea78 .pcb4e8c90{position:absolute !important;z-index:21 !important;top:0 !important;left:0 !important;width:100% !important;height:100% !important}.x11cfea78 .t565dc7e2{position:absolute !important;top:0 !important;left:0 !important;z-index:10 !important;height:16px !important;padding:0 4px !important;font-size:11px !important;line-height:16px !important;color:#000 !important;text-decoration:none !important;background:#fff !important;border:1px solid #e5e5e5 !important;border-bottom-right-radius:3px !important;cursor:pointer !important}.x11cfea78 .lf8b60a6{border:1px solid #303050 !important}.x11cfea78 .xc38ce0c2{max-width:100% !important;max-height:100% !important}.x11cfea78 .xc38ce0c2 .r8353a8c8,.x11cfea78 .xc38ce0c2 .d140d96a{display:block !important}.x11cfea78 .xc38ce0c2 .d140d96a{-webkit-filter:blur(10px) saturate(0) contrast(400%) !important;filter:blur(10px) saturate(0) contrast(400%) !important}.x11cfea78 .xc38ce0c2 .r8353a8c8{background-color:rgba(38,38,38,.9) !important}.x11cfea78 .c17575c64{-webkit-box-pack:start !important;-ms-flex-pack:start !important;justify-content:flex-start !important}.x11cfea78 .gb1ce96d0,.x11cfea78 .hc2e05d38{visibility:hidden !important;opacity:0 !important}.x11cfea78 .hc2e05d38{max-width:1px !important;max-height:1px !important}.x11cfea78 .b28e5d3e2{position:absolute !important;bottom:20px !important;left:16px !important;right:16px !important;z-index:3 !important;display:-webkit-box !important;display:-ms-flexbox !important;display:flex !important}@media (orientation:landscape){.x11cfea78 .b28e5d3e2{margin:0 auto !important;width:260px !important}}.x11cfea78 .ncf7f8eb1{height:48px !important;line-height:48px !important;font-size:16px !important;border-radius:8px !important;text-align:center !important;font-weight:700 !important;-ms-flex-item-align:stretch !important;align-self:stretch !important;padding:0 20px !important;white-space:nowrap !important;min-width:0 !important}.x11cfea78 .qfbc5e2ca{background:-webkit-gradient(linear,left top,left bottom,from(#efefef),to(#e5e5e5)) !important;background:-o-linear-gradient(top,#efefef 0,#e5e5e5 100%) !important;background:linear-gradient(180deg,#efefef,#e5e5e5) !important;margin-right:8px !important;-webkit-box-flex:2 !important;-ms-flex:2 1 !important;flex:2 1 !important}.x11cfea78 .rdbcb4894{background:-webkit-gradient(linear,left top,right top,color-stop(-40%,#f60),color-stop(20%,rgba(255,102,0,0))),-webkit-gradient(linear,right top,left top,color-stop(-40%,#f60),color-stop(20%,rgba(255,102,0,0))),-webkit-gradient(linear,left bottom,left top,color-stop(-80%,#f60),color-stop(80%,#fd0)) !important;background:-o-linear-gradient(left,#f60 -40%,rgba(255,102,0,0) 20%),-o-linear-gradient(right,#f60 -40%,rgba(255,102,0,0) 20%),-o-linear-gradient(bottom,#f60 -80%,#fd0 80%) !important;background:linear-gradient(90deg,#f60 -40%,rgba(255,102,0,0) 20%),linear-gradient(270deg,#f60 -40%,rgba(255,102,0,0) 20%),linear-gradient(0deg,#f60 -80%,#fd0 80%) !important;-webkit-box-flex:3 !important;-ms-flex:3 1 !important;flex:3 1 !important}.x11cfea78 .bb4d4ebfe{display:inline-block !important;margin-left:8px !important}.x11cfea78 .r9a6dbc97{position:absolute !important;left:-1000px !important;top:-1000px !important;width:1px !important;height:1px !important;display:block !important}.x11cfea78 .g9169fd3f{cursor:pointer !important;position:absolute !important;right:4px !important;top:4px !important;z-index:10 !important}.x11cfea78 .udfff0b6a.g9169fd3f{display:-webkit-box !important;display:-ms-flexbox !important;display:flex !important;-webkit-box-align:center !important;-ms-flex-align:center !important;align-items:center !important;-webkit-box-pack:center !important;-ms-flex-pack:center !important;justify-content:center !important;pointer-events:auto !important;border-radius:50% !important;-webkit-user-select:none !important;-moz-user-select:none !important;-ms-user-select:none !important;user-select:none !important;-webkit-tap-highlight-color:transparent !important}.x11cfea78 .udfff0b6a.g9169fd3f:before{content:"" !important;position:absolute !important;top:-4px !important;left:50% !important;-webkit-transform:translateX(-50%) !important;transform:translateX(-50%) !important}.x11cfea78 .udfff0b6a.g9169fd3f:hover .me03fd5cf{opacity:.8 !important}.x11cfea78 .udfff0b6a.g9169fd3f.g4bf02784 .me03fd5cf{background-color:#fff !important;opacity:.8 !important}.x11cfea78 .udfff0b6a.g9169fd3f.g4bf02784 .yf788af01 svg{fill:#575c66 !important}.x11cfea78 .udfff0b6a.g9169fd3f.xd730a71c .me03fd5cf,.x11cfea78 .udfff0b6a.g9169fd3f.va84fc03e .me03fd5cf{background:none !important}.x11cfea78 .udfff0b6a.g9169fd3f.xd730a71c:hover{background-color:#e9e9e9 !important}.x11cfea78 .udfff0b6a.g9169fd3f.xd730a71c .yf788af01 svg{fill:#242526 !important}.x11cfea78 .udfff0b6a.g9169fd3f.xd730a71c .d5788287d{color:#242526 !important}.x11cfea78 .udfff0b6a.g9169fd3f.va84fc03e:hover{background-color:rgba(248,250,255,.2) !important}.x11cfea78 .udfff0b6a.g9169fd3f.va84fc03e .yf788af01 svg{fill:#fff !important}.x11cfea78 .udfff0b6a.g9169fd3f.va84fc03e .d5788287d{color:#fff !important}.x11cfea78 .udfff0b6a.m1ee8eb91{width:12px !important;height:12px !important}.x11cfea78 .udfff0b6a.m1ee8eb91:before{width:28px !important;height:28px !important}.x11cfea78 .udfff0b6a.m1ee8eb91 .yf788af01{-webkit-transform:scale(.6) !important;transform:scale(.6) !important}.x11cfea78 .udfff0b6a.h77eb1769{width:16px !important;height:16px !important}.x11cfea78 .udfff0b6a.h77eb1769:before{width:32px !important;height:32px !important}.x11cfea78 .udfff0b6a.h77eb1769 .yf788af01{-webkit-transform:scale(.8) !important;transform:scale(.8) !important}.x11cfea78 .udfff0b6a.v66493337{width:24px !important;height:24px !important}.x11cfea78 .udfff0b6a.v66493337:before{width:42px !important;height:42px !important}.x11cfea78 .udfff0b6a.ac60e77d6{width:28px !important;height:28px !important}.x11cfea78 .udfff0b6a.ac60e77d6:before{width:42px !important;height:42px !important}.x11cfea78 .udfff0b6a.ka73ecf0e{width:32px !important;height:32px !important}.x11cfea78 .udfff0b6a.ka73ecf0e:before{width:48px !important;height:48px !important}.x11cfea78 .me03fd5cf{height:100% !important;width:100% !important;position:absolute !important;top:0 !important;left:0 !important;z-index:-1 !important;border-radius:inherit !important;-webkit-transition:opacity .15s !important;-o-transition:opacity .15s !important;transition:opacity .15s !important;-webkit-transition:background-color .5s ease-in-out !important;-o-transition:background-color .5s ease-in-out !important;transition:background-color .5s ease-in-out !important}.x11cfea78 .me03fd5cf.f5739c180{background:rgba(26,43,77,.4) !important;color:#fff !important}.x11cfea78 .me03fd5cf.f5739c180:hover{opacity:.5 !important}.x11cfea78 .me03fd5cf.g176a4922{background:hsla(0,0%,100%,.8) !important;color:#3a3c40 !important}.x11cfea78 .me03fd5cf.g176a4922:hover{opacity:.9 !important}.x11cfea78 .me03fd5cf.b30ff9e05{background:none !important}.x11cfea78 .udfff0b6a .yf788af01{display:-webkit-box !important;display:-ms-flexbox !important;display:flex !important;-webkit-box-align:center !important;-ms-flex-align:center !important;align-items:center !important;-webkit-box-pack:center !important;-ms-flex-pack:center !important;justify-content:center !important;pointer-events:none !important}.x11cfea78 .udfff0b6a .yf788af01.f5739c180 svg{fill:#fff !important}.x11cfea78 .udfff0b6a .yf788af01.f5739c180 svg,.x11cfea78 .udfff0b6a .yf788af01.g176a4922 svg{-webkit-transition:fill .5s ease-in-out !important;-o-transition:fill .5s ease-in-out !important;transition:fill .5s ease-in-out !important}.x11cfea78 .udfff0b6a .yf788af01.g176a4922 svg{fill:#242526 !important}.x11cfea78 .d5788287d{display:-webkit-box !important;display:-ms-flexbox !important;display:flex !important;-webkit-box-align:center !important;-ms-flex-align:center !important;align-items:center !important;-webkit-box-pack:center !important;-ms-flex-pack:center !important;justify-content:center !important;pointer-events:none !important}.x11cfea78 .d5788287d.f5739c180{color:#fff !important}.x11cfea78 .d5788287d.g176a4922{color:#242526 !important}@-webkit-keyframes v8980b32f{0%,to{opacity:0 !important;visibility:hidden !important}4%,96%{visibility:visible !important;opacity:1 !important}}@keyframes v8980b32f{0%,to{opacity:0 !important;visibility:hidden !important}4%,96%{visibility:visible !important;opacity:1 !important}}@media (hover:hover) and (pointer:fine){.x11cfea78 .x34af1d8e:hover .n6b0382d5{opacity:0 !important;visibility:hidden !important}.x11cfea78 .x34af1d8e:hover .d553cf620{visibility:visible !important;opacity:1 !important}.x11cfea78 .x34af1d8e[data-active]:hover .d553cf620{opacity:0 !important;visibility:hidden !important}.x11cfea78 .x34af1d8e[data-active]:hover .n6b0382d5{visibility:visible !important;opacity:1 !important}}.x11cfea78 .x34af1d8e.ha124d67e{right:45px !important}.x11cfea78 .x34af1d8e.ha124d67e .a40246595.n6b0382d5{-webkit-transform:translateX(41px) !important;transform:translateX(41px) !important}.x11cfea78 .x34af1d8e.ha124d67e .a40246595.n6b0382d5 .x5a63836c{-webkit-transform:translateX(-43px) !important;transform:translateX(-43px) !important}.x11cfea78 .x34af1d8e{right:36px !important;width:32px !important}.x11cfea78 .x34af1d8e[data-active] svg{color:#ee4f4f !important;fill:#ee4f4f !important}.x11cfea78 .x34af1d8e[data-active] .n6b0382d5{-webkit-animation:v8980b32f 8s linear !important;animation:v8980b32f 8s linear !important}.x11cfea78 .x34af1d8e .a40246595{position:absolute !important;color:#fff !important;opacity:0 !important;visibility:hidden !important;white-space:nowrap !important;top:29px !important;right:50% !important;-webkit-transform:translateX(50%) !important;transform:translateX(50%) !important;background:#343334 !important;border-radius:6px !important;padding:0 8px !important;height:24px !important;line-height:24px !important;font-size:11px !important;-webkit-transition:all .2s !important;-o-transition:all .2s !important;transition:all .2s !important}.x11cfea78 .x34af1d8e .a40246595.n6b0382d5{-webkit-transform:translateX(32px) !important;transform:translateX(32px) !important;right:0 !important}.x11cfea78 .x34af1d8e .a40246595.n6b0382d5 .x5a63836c{right:0 !important;-webkit-transform:translateX(-34px) !important;transform:translateX(-34px) !important}.x11cfea78 .x34af1d8e .a40246595 .gf0017968{font-size:11px !important}.x11cfea78 .x34af1d8e .a40246595 .x5a63836c{width:28px !important;height:8px !important;position:absolute !important;top:-6px !important;right:50% !important;-webkit-transform:translateX(50%) !important;transform:translateX(50%) !important;display:-webkit-box !important;display:-ms-flexbox !important;display:flex !important;-webkit-box-align:center !important;-ms-flex-align:center !important;align-items:center !important;-webkit-box-pack:center !important;-ms-flex-pack:center !important;justify-content:center !important}.x11cfea78 .x34af1d8e .a40246595 .v1f200175{color:#ffd400 !important;text-decoration:none !important;text-transform:lowercase !important}.x11cfea78 .ka3bf4606{margin-left:2px !important;pointer-events:auto !important;font-family:inherit !important;position:relative !important;-ms-flex-item-align:center !important;align-self:center !important}.x11cfea78 .x4e068763{display:-webkit-box !important;display:-ms-flexbox !important;display:flex !important;-webkit-box-align:center !important;-ms-flex-align:center !important;align-items:center !important;cursor:pointer !important;position:absolute !important;left:4px !important;top:4px !important;z-index:10 !important;font-family:Helvetica,Arial,sans-serif !important;white-space:nowrap !important;height:12px !important;line-height:normal !important;-webkit-box-sizing:border-box !important;box-sizing:border-box !important;padding:0 4px !important;color:hsla(0,0%,100%,.8) !important;border-radius:16px !important;font-size:8px !important;text-transform:uppercase !important;letter-spacing:.125em !important;pointer-events:none !important;-webkit-transition:color .5s ease-in-out !important;-o-transition:color .5s ease-in-out !important;transition:color .5s ease-in-out !important}.x11cfea78 .x4e068763,.x11cfea78 .x4e068763>a{text-decoration:none !important}.x11cfea78 .x4e068763>a{color:inherit !important}.x11cfea78 .x4e068763.g4bf02784{color:#575c66 !important;background-color:#fff !important;opacity:.8 !important}.x11cfea78 .x4e068763.xd730a71c,.x11cfea78 .x4e068763.g176a4922{color:#3a3c40 !important}.x11cfea78 .x4e068763.g176a4922{background:hsla(0,0%,100%,.8) !important}.x11cfea78 .x4e068763.f5739c180,.x11cfea78 .x4e068763.va84fc03e{color:#fff !important}.x11cfea78 .x4e068763.f5739c180{background:rgba(26,43,77,.4) !important}.x11cfea78 .x4e068763.g17af99c3,.x11cfea78 .x4e068763.jbf981c3f{top:auto !important;left:auto !important;right:0 !important;bottom:0 !important;background:none !important;text-shadow:none !important;font-size:7px !important;padding:0 !important;height:auto !important;opacity:.8 !important;-webkit-backdrop-filter:none !important;backdrop-filter:none !important}.x11cfea78 .x4e068763.b30ff9e05{background:none !important}.x11cfea78 .x4e068763.uf0caa2d3{max-width:calc(100% - 42px) !important}.x11cfea78 .he86efbcc{margin:0 2px !important}.x11cfea78 .g65bdce00{text-decoration:none !important;pointer-events:auto !important;color:inherit !important}.x11cfea78 .p587b410e{position:absolute !important;right:-2px !important;top:0 !important;z-index:9 !important;pointer-events:auto !important}.x11cfea78 .uc631afa3{background:red !important}</style><yatag class="r9a6dbc97"></yatag><yatag class="cb7102727 c17575c64 g403f013"><yatag class="e1aaee820" style="width: 300px !important; height: 300px !important;"><yatag id="ya_partner_R-I-338751-5-1" class="ob14e6c97" style="width: 300px !important; height: 300px !important;"><div></div></yatag><yatag class="x4e068763 g4bf02784" data-test="AdKebabAndLabel--adLabelContent" data-label="true">Реклама</yatag><yatag class="cf5fdf888 jdc3bab0e i10a0580e"><yatag data-close="true" data-new-adtune="true" data-sticky-adtune="false" class="udfff0b6a g9169fd3f g4bf02784 v66493337"><yatag class="me03fd5cf b30ff9e05"></yatag><yatag class="yf788af01"><svg width="8" height="20" viewBox="0 0 8 20" fill="white" xmlns="http://www.w3.org/2000/svg"><circle cx="4" cy="4" r="1.5"></circle><circle cx="4" cy="10" r="1.5"></circle><circle cx="4" cy="16" r="1.5"></circle></svg></yatag></yatag></yatag></yatag></yatag></yatag></div></div></div><div class="b-checkbox-list b-checkbox-list_disabled_false b-checkbox-list_opened_true b-checkbox-list_overflow_true"><div class="b-checkbox-list__root"><div class="b-checkbox-list__header">Бренды</div> <div class="b-checkbox-list__body"><div class="b-checkbox-list__quick-search-wrapper"><input maxlength="50" placeholder="Начните вводить название" class="b-checkbox-list__quick-search"></div> <div class="b-checkbox-list__options"><div title="6 соток" class="b-checkbox-list__option b-checkbox-list__option_checked_false b-checkbox-list__option_disabled_false">6 соток</div><div title="Absolut" class="b-checkbox-list__option b-checkbox-list__option_checked_false b-checkbox-list__option_disabled_false">Absolut</div><div title="Actimel" class="b-checkbox-list__option b-checkbox-list__option_checked_false b-checkbox-list__option_disabled_false">Actimel</div><div title="Ahmad Tea" class="b-checkbox-list__option b-checkbox-list__option_checked_false b-checkbox-list__option_disabled_false">Ahmad Tea</div><div title="Akbar" class="b-checkbox-list__option b-checkbox-list__option_checked_false b-checkbox-list__option_disabled_false">Akbar</div><div title="Aloe Fresh" class="b-checkbox-list__option b-checkbox-list__option_checked_false b-checkbox-list__option_disabled_false">Aloe Fresh</div><div title="Alpen Gold" class="b-checkbox-list__option b-checkbox-list__option_checked_false b-checkbox-list__option_disabled_false">Alpen Gold</div><div title="Ambassador" class="b-checkbox-list__option b-checkbox-list__option_checked_false b-checkbox-list__option_disabled_false">Ambassador</div><div title="Anarchy" class="b-checkbox-list__option b-checkbox-list__option_checked_false b-checkbox-list__option_disabled_false">Anarchy</div><div title="AOS" class="b-checkbox-list__option b-checkbox-list__option_checked_false b-checkbox-list__option_disabled_false">AOS</div><div title="Arla Natura" class="b-checkbox-list__option b-checkbox-list__option_checked_false b-checkbox-list__option_disabled_false">Arla Natura</div><div title="Astoria" class="b-checkbox-list__option b-checkbox-list__option_checked_false b-checkbox-list__option_disabled_false">Astoria</div><div title="Aura" class="b-checkbox-list__option b-checkbox-list__option_checked_false b-checkbox-list__option_disabled_false">Aura</div><div title="Axe" class="b-checkbox-list__option b-checkbox-list__option_checked_false b-checkbox-list__option_disabled_false">Axe</div><div title="Bakery story" class="b-checkbox-list__option b-checkbox-list__option_checked_false b-checkbox-list__option_disabled_false">Bakery story</div><div title="Barrister" class="b-checkbox-list__option b-checkbox-list__option_checked_false b-checkbox-list__option_disabled_false">Barrister</div><div title="Beta Tea" class="b-checkbox-list__option b-checkbox-list__option_checked_false b-checkbox-list__option_disabled_false">Beta Tea</div><div title="Binggrae" class="b-checkbox-list__option b-checkbox-list__option_checked_false b-checkbox-list__option_disabled_false">Binggrae</div><div title="Bionica" class="b-checkbox-list__option b-checkbox-list__option_checked_false b-checkbox-list__option_disabled_false">Bionica</div><div title="Bon Giorno" class="b-checkbox-list__option b-checkbox-list__option_checked_false b-checkbox-list__option_disabled_false">Bon Giorno</div><div title="Bonduelle" class="b-checkbox-list__option b-checkbox-list__option_checked_false b-checkbox-list__option_disabled_false">Bonduelle</div><div title="Borjomi" class="b-checkbox-list__option b-checkbox-list__option_checked_false b-checkbox-list__option_disabled_false">Borjomi</div><div title="Bosca" class="b-checkbox-list__option b-checkbox-list__option_checked_false b-checkbox-list__option_disabled_false">Bosca</div><div title="Bounty" class="b-checkbox-list__option b-checkbox-list__option_checked_false b-checkbox-list__option_disabled_false">Bounty</div><div title="Bref" class="b-checkbox-list__option b-checkbox-list__option_checked_false b-checkbox-list__option_disabled_false">Bref</div><div title="Bursamdzeli" class="b-checkbox-list__option b-checkbox-list__option_checked_false b-checkbox-list__option_disabled_false">Bursamdzeli</div><div title="Bushido" class="b-checkbox-list__option b-checkbox-list__option_checked_false b-checkbox-list__option_disabled_false">Bushido</div><div title="Calgon" class="b-checkbox-list__option b-checkbox-list__option_checked_false b-checkbox-list__option_disabled_false">Calgon</div><div title="Camay" class="b-checkbox-list__option b-checkbox-list__option_checked_false b-checkbox-list__option_disabled_false">Camay</div><div title="Casademont" class="b-checkbox-list__option b-checkbox-list__option_checked_false b-checkbox-list__option_disabled_false">Casademont</div><div title="Cho Ko-te" class="b-checkbox-list__option b-checkbox-list__option_checked_false b-checkbox-list__option_disabled_false">Cho Ko-te</div><div title="Chupa Chups" class="b-checkbox-list__option b-checkbox-list__option_checked_false b-checkbox-list__option_disabled_false">Chupa Chups</div><div title="Cillit" class="b-checkbox-list__option b-checkbox-list__option_checked_false b-checkbox-list__option_disabled_false">Cillit</div><div title="Cirio" class="b-checkbox-list__option b-checkbox-list__option_checked_false b-checkbox-list__option_disabled_false">Cirio</div><div title="Colgate" class="b-checkbox-list__option b-checkbox-list__option_checked_false b-checkbox-list__option_disabled_false">Colgate</div><div title="Comet" class="b-checkbox-list__option b-checkbox-list__option_checked_false b-checkbox-list__option_disabled_false">Comet</div><div title="Crazy Jack" class="b-checkbox-list__option b-checkbox-list__option_checked_false b-checkbox-list__option_disabled_false">Crazy Jack</div><div title="Creme Le Mare" class="b-checkbox-list__option b-checkbox-list__option_checked_false b-checkbox-list__option_disabled_false">Creme Le Mare</div><div title="Danone" class="b-checkbox-list__option b-checkbox-list__option_checked_false b-checkbox-list__option_disabled_false">Danone</div><div title="Delicatesse De Mare" class="b-checkbox-list__option b-checkbox-list__option_checked_false b-checkbox-list__option_disabled_false">Delicatesse De Mare</div><div title="DiaDar" class="b-checkbox-list__option b-checkbox-list__option_checked_false b-checkbox-list__option_disabled_false">DiaDar</div><div title="Dirol" class="b-checkbox-list__option b-checkbox-list__option_checked_false b-checkbox-list__option_disabled_false">Dirol</div><div title="Dolce granto" class="b-checkbox-list__option b-checkbox-list__option_checked_false b-checkbox-list__option_disabled_false">Dolce granto</div><div title="Domestos" class="b-checkbox-list__option b-checkbox-list__option_checked_false b-checkbox-list__option_disabled_false">Domestos</div><div title="Dos Mexicanos" class="b-checkbox-list__option b-checkbox-list__option_checked_false b-checkbox-list__option_disabled_false">Dos Mexicanos</div><div title="Dove" class="b-checkbox-list__option b-checkbox-list__option_checked_false b-checkbox-list__option_disabled_false">Dove</div><div title="Egoiste Cafe" class="b-checkbox-list__option b-checkbox-list__option_checked_false b-checkbox-list__option_disabled_false">Egoiste Cafe</div><div title="Elseve" class="b-checkbox-list__option b-checkbox-list__option_checked_false b-checkbox-list__option_disabled_false">Elseve</div><div title="Essen" class="b-checkbox-list__option b-checkbox-list__option_checked_false b-checkbox-list__option_disabled_false">Essen</div><div title="Fa" class="b-checkbox-list__option b-checkbox-list__option_checked_false b-checkbox-list__option_disabled_false">Fa</div><div title="Familia" class="b-checkbox-list__option b-checkbox-list__option_checked_false b-checkbox-list__option_disabled_false">Familia</div><div title="Fathers Old Barrel" class="b-checkbox-list__option b-checkbox-list__option_checked_false b-checkbox-list__option_disabled_false">Fathers Old Barrel</div><div title="Felix" class="b-checkbox-list__option b-checkbox-list__option_checked_false b-checkbox-list__option_disabled_false">Felix</div><div title="Finish" class="b-checkbox-list__option b-checkbox-list__option_checked_false b-checkbox-list__option_disabled_false">Finish</div><div title="Fish House" class="b-checkbox-list__option b-checkbox-list__option_checked_false b-checkbox-list__option_disabled_false">Fish House</div><div title="Fresco" class="b-checkbox-list__option b-checkbox-list__option_checked_false b-checkbox-list__option_disabled_false">Fresco</div><div title="Fruto" class="b-checkbox-list__option b-checkbox-list__option_checked_false b-checkbox-list__option_disabled_false">Fruto</div><div title="Galavani" class="b-checkbox-list__option b-checkbox-list__option_checked_false b-checkbox-list__option_disabled_false">Galavani</div><div title="Galbani" class="b-checkbox-list__option b-checkbox-list__option_checked_false b-checkbox-list__option_disabled_false">Galbani</div><div title="Garnier" class="b-checkbox-list__option b-checkbox-list__option_checked_false b-checkbox-list__option_disabled_false">Garnier</div><div title="Gillette" class="b-checkbox-list__option b-checkbox-list__option_checked_false b-checkbox-list__option_disabled_false">Gillette</div><div title="Global Village" class="b-checkbox-list__option b-checkbox-list__option_checked_false b-checkbox-list__option_disabled_false">Global Village</div><div title="Green Panda" class="b-checkbox-list__option b-checkbox-list__option_checked_false b-checkbox-list__option_disabled_false">Green Panda</div><div title="Greenfield" class="b-checkbox-list__option b-checkbox-list__option_checked_false b-checkbox-list__option_disabled_false">Greenfield</div><div title="Halls" class="b-checkbox-list__option b-checkbox-list__option_checked_false b-checkbox-list__option_disabled_false">Halls</div><div title="Heinz" class="b-checkbox-list__option b-checkbox-list__option_checked_false b-checkbox-list__option_disabled_false">Heinz</div><div title="Highgarden" class="b-checkbox-list__option b-checkbox-list__option_checked_false b-checkbox-list__option_disabled_false">Highgarden</div><div title="Hochland" class="b-checkbox-list__option b-checkbox-list__option_checked_false b-checkbox-list__option_disabled_false">Hochland</div><div title="Honey kid" class="b-checkbox-list__option b-checkbox-list__option_checked_false b-checkbox-list__option_disabled_false">Honey kid</div><div title="J7" class="b-checkbox-list__option b-checkbox-list__option_checked_false b-checkbox-list__option_disabled_false">J7</div><div title="Jacobs" class="b-checkbox-list__option b-checkbox-list__option_checked_false b-checkbox-list__option_disabled_false">Jacobs</div><div title="Jardin" class="b-checkbox-list__option b-checkbox-list__option_checked_false b-checkbox-list__option_disabled_false">Jardin</div><div title="King Fish" class="b-checkbox-list__option b-checkbox-list__option_checked_false b-checkbox-list__option_disabled_false">King Fish</div><div title="Kingfish" class="b-checkbox-list__option b-checkbox-list__option_checked_false b-checkbox-list__option_disabled_false">Kingfish</div><div title="Kotanyi" class="b-checkbox-list__option b-checkbox-list__option_checked_false b-checkbox-list__option_disabled_false">Kotanyi</div><div title="Label 5" class="b-checkbox-list__option b-checkbox-list__option_checked_false b-checkbox-list__option_disabled_false">Label 5</div><div title="Lebo" class="b-checkbox-list__option b-checkbox-list__option_checked_false b-checkbox-list__option_disabled_false">Lebo</div><div title="Lenco" class="b-checkbox-list__option b-checkbox-list__option_checked_false b-checkbox-list__option_disabled_false">Lenco</div><div title="Liebendorf" class="b-checkbox-list__option b-checkbox-list__option_checked_false b-checkbox-list__option_disabled_false">Liebendorf</div><div title="Lipton" class="b-checkbox-list__option b-checkbox-list__option_checked_false b-checkbox-list__option_disabled_false">Lipton</div><div title="Lorentini" class="b-checkbox-list__option b-checkbox-list__option_checked_false b-checkbox-list__option_disabled_false">Lorentini</div><div title="Lorenz" class="b-checkbox-list__option b-checkbox-list__option_checked_false b-checkbox-list__option_disabled_false">Lorenz</div><div title="Love is" class="b-checkbox-list__option b-checkbox-list__option_checked_false b-checkbox-list__option_disabled_false">Love is</div><div title="MacCoffee" class="b-checkbox-list__option b-checkbox-list__option_checked_false b-checkbox-list__option_disabled_false">MacCoffee</div><div title="Maggi" class="b-checkbox-list__option b-checkbox-list__option_checked_false b-checkbox-list__option_disabled_false">Maggi</div><div title="Magic Grain" class="b-checkbox-list__option b-checkbox-list__option_checked_false b-checkbox-list__option_disabled_false">Magic Grain</div><div title="Mamba" class="b-checkbox-list__option b-checkbox-list__option_checked_false b-checkbox-list__option_disabled_false">Mamba</div><div title="Marleson" class="b-checkbox-list__option b-checkbox-list__option_checked_false b-checkbox-list__option_disabled_false">Marleson</div><div title="Meller" class="b-checkbox-list__option b-checkbox-list__option_checked_false b-checkbox-list__option_disabled_false">Meller</div><div title="Milka" class="b-checkbox-list__option b-checkbox-list__option_checked_false b-checkbox-list__option_disabled_false">Milka</div><div title="Mipao" class="b-checkbox-list__option b-checkbox-list__option_checked_false b-checkbox-list__option_disabled_false">Mipao</div><div title="Mirel" class="b-checkbox-list__option b-checkbox-list__option_checked_false b-checkbox-list__option_disabled_false">Mirel</div><div title="Mivela Mg++" class="b-checkbox-list__option b-checkbox-list__option_checked_false b-checkbox-list__option_disabled_false">Mivela Mg++</div><div title="Mixbar" class="b-checkbox-list__option b-checkbox-list__option_checked_false b-checkbox-list__option_disabled_false">Mixbar</div><div title="Mollis" class="b-checkbox-list__option b-checkbox-list__option_checked_false b-checkbox-list__option_disabled_false">Mollis</div><div title="Mr. Ricco" class="b-checkbox-list__option b-checkbox-list__option_checked_false b-checkbox-list__option_disabled_false">Mr. Ricco</div><div title="My Komboocha" class="b-checkbox-list__option b-checkbox-list__option_checked_false b-checkbox-list__option_disabled_false">My Komboocha</div><div title="Nar" class="b-checkbox-list__option b-checkbox-list__option_checked_false b-checkbox-list__option_disabled_false">Nar</div><div title="Nemoloko" class="b-checkbox-list__option b-checkbox-list__option_checked_false b-checkbox-list__option_disabled_false">Nemoloko</div><div title="Nescafe" class="b-checkbox-list__option b-checkbox-list__option_checked_false b-checkbox-list__option_disabled_false">Nescafe</div><div title="Nuts" class="b-checkbox-list__option b-checkbox-list__option_checked_false b-checkbox-list__option_disabled_false">Nuts</div><div title="O'Brian" class="b-checkbox-list__option b-checkbox-list__option_checked_false b-checkbox-list__option_disabled_false">O'Brian</div><div title="Orion" class="b-checkbox-list__option b-checkbox-list__option_checked_false b-checkbox-list__option_disabled_false">Orion</div><div title="Palmolive" class="b-checkbox-list__option b-checkbox-list__option_checked_false b-checkbox-list__option_disabled_false">Palmolive</div><div title="Papia" class="b-checkbox-list__option b-checkbox-list__option_checked_false b-checkbox-list__option_disabled_false">Papia</div><div title="Patardzeuli" class="b-checkbox-list__option b-checkbox-list__option_checked_false b-checkbox-list__option_disabled_false">Patardzeuli</div><div title="Pedigree" class="b-checkbox-list__option b-checkbox-list__option_checked_false b-checkbox-list__option_disabled_false">Pedigree</div><div title="Perfect Fit" class="b-checkbox-list__option b-checkbox-list__option_checked_false b-checkbox-list__option_disabled_false">Perfect Fit</div><div title="Persil" class="b-checkbox-list__option b-checkbox-list__option_checked_false b-checkbox-list__option_disabled_false">Persil</div><div title="Picnic" class="b-checkbox-list__option b-checkbox-list__option_checked_false b-checkbox-list__option_disabled_false">Picnic</div><div title="President" class="b-checkbox-list__option b-checkbox-list__option_checked_false b-checkbox-list__option_disabled_false">President</div><div title="Promesa" class="b-checkbox-list__option b-checkbox-list__option_checked_false b-checkbox-list__option_disabled_false">Promesa</div><div title="PULPY" class="b-checkbox-list__option b-checkbox-list__option_checked_false b-checkbox-list__option_disabled_false">PULPY</div><div title="Purina ONE" class="b-checkbox-list__option b-checkbox-list__option_checked_false b-checkbox-list__option_disabled_false">Purina ONE</div><div title="Red Bull" class="b-checkbox-list__option b-checkbox-list__option_checked_false b-checkbox-list__option_disabled_false">Red Bull</div><div title="Restoria" class="b-checkbox-list__option b-checkbox-list__option_checked_false b-checkbox-list__option_disabled_false">Restoria</div><div title="Rich" class="b-checkbox-list__option b-checkbox-list__option_checked_false b-checkbox-list__option_disabled_false">Rich</div><div title="Richard" class="b-checkbox-list__option b-checkbox-list__option_checked_false b-checkbox-list__option_disabled_false">Richard</div><div title="Ruskeala" class="b-checkbox-list__option b-checkbox-list__option_checked_false b-checkbox-list__option_disabled_false">Ruskeala</div><div title="Sanfor" class="b-checkbox-list__option b-checkbox-list__option_checked_false b-checkbox-list__option_disabled_false">Sanfor</div><div title="Sangria" class="b-checkbox-list__option b-checkbox-list__option_checked_false b-checkbox-list__option_disabled_false">Sangria</div><div title="Santo Stefano" class="b-checkbox-list__option b-checkbox-list__option_checked_false b-checkbox-list__option_disabled_false">Santo Stefano</div><div title="Schauma" class="b-checkbox-list__option b-checkbox-list__option_checked_false b-checkbox-list__option_disabled_false">Schauma</div><div title="Sen Soy" class="b-checkbox-list__option b-checkbox-list__option_checked_false b-checkbox-list__option_disabled_false">Sen Soy</div><div title="Setra" class="b-checkbox-list__option b-checkbox-list__option_checked_false b-checkbox-list__option_disabled_false">Setra</div><div title="Shustoff" class="b-checkbox-list__option b-checkbox-list__option_checked_false b-checkbox-list__option_disabled_false">Shustoff</div><div title="Sicilia" class="b-checkbox-list__option b-checkbox-list__option_checked_false b-checkbox-list__option_disabled_false">Sicilia</div><div title="Skittles" class="b-checkbox-list__option b-checkbox-list__option_checked_false b-checkbox-list__option_disabled_false">Skittles</div><div title="Snickers" class="b-checkbox-list__option b-checkbox-list__option_checked_false b-checkbox-list__option_disabled_false">Snickers</div><div title="Soko Grande" class="b-checkbox-list__option b-checkbox-list__option_checked_false b-checkbox-list__option_disabled_false">Soko Grande</div><div title="Splat" class="b-checkbox-list__option b-checkbox-list__option_checked_false b-checkbox-list__option_disabled_false">Splat</div><div title="Steersman" class="b-checkbox-list__option b-checkbox-list__option_checked_false b-checkbox-list__option_disabled_false">Steersman</div><div title="Stolichnaya" class="b-checkbox-list__option b-checkbox-list__option_checked_false b-checkbox-list__option_disabled_false">Stolichnaya</div><div title="Sweet box" class="b-checkbox-list__option b-checkbox-list__option_checked_false b-checkbox-list__option_disabled_false">Sweet box</div><div title="Syoss" class="b-checkbox-list__option b-checkbox-list__option_checked_false b-checkbox-list__option_disabled_false">Syoss</div><div title="Tess" class="b-checkbox-list__option b-checkbox-list__option_checked_false b-checkbox-list__option_disabled_false">Tess</div><div title="The Colonist" class="b-checkbox-list__option b-checkbox-list__option_checked_false b-checkbox-list__option_disabled_false">The Colonist</div><div title="Tiret" class="b-checkbox-list__option b-checkbox-list__option_checked_false b-checkbox-list__option_disabled_false">Tiret</div><div title="Trattoria Di Maestro Turatti" class="b-checkbox-list__option b-checkbox-list__option_checked_false b-checkbox-list__option_disabled_false">Trattoria Di Maestro Turatti</div><div title="Tundra" class="b-checkbox-list__option b-checkbox-list__option_checked_false b-checkbox-list__option_disabled_false">Tundra</div><div title="Turbo Diesel" class="b-checkbox-list__option b-checkbox-list__option_checked_false b-checkbox-list__option_disabled_false">Turbo Diesel</div><div title="Twister" class="b-checkbox-list__option b-checkbox-list__option_checked_false b-checkbox-list__option_disabled_false">Twister</div><div title="Unicorn" class="b-checkbox-list__option b-checkbox-list__option_checked_false b-checkbox-list__option_disabled_false">Unicorn</div><div title="Unicum" class="b-checkbox-list__option b-checkbox-list__option_checked_false b-checkbox-list__option_disabled_false">Unicum</div><div title="Vanish" class="b-checkbox-list__option b-checkbox-list__option_checked_false b-checkbox-list__option_disabled_false">Vanish</div><div title="Venus" class="b-checkbox-list__option b-checkbox-list__option_checked_false b-checkbox-list__option_disabled_false">Venus</div><div title="VERMICELLI" class="b-checkbox-list__option b-checkbox-list__option_checked_false b-checkbox-list__option_disabled_false">VERMICELLI</div><div title="Vernel" class="b-checkbox-list__option b-checkbox-list__option_checked_false b-checkbox-list__option_disabled_false">Vernel</div><div title="Villa Krim" class="b-checkbox-list__option b-checkbox-list__option_checked_false b-checkbox-list__option_disabled_false">Villa Krim</div><div title="Viola" class="b-checkbox-list__option b-checkbox-list__option_checked_false b-checkbox-list__option_disabled_false">Viola</div><div title="Whiskas" class="b-checkbox-list__option b-checkbox-list__option_checked_false b-checkbox-list__option_disabled_false">Whiskas</div><div title="Woolite" class="b-checkbox-list__option b-checkbox-list__option_checked_false b-checkbox-list__option_disabled_false">Woolite</div><div title="Zewa" class="b-checkbox-list__option b-checkbox-list__option_checked_false b-checkbox-list__option_disabled_false">Zewa</div><div title="Авшарский Винный Завод" class="b-checkbox-list__option b-checkbox-list__option_checked_false b-checkbox-list__option_disabled_false">Авшарский Винный Завод</div><div title="Агуша" class="b-checkbox-list__option b-checkbox-list__option_checked_false b-checkbox-list__option_disabled_false">Агуша</div><div title="Азовская" class="b-checkbox-list__option b-checkbox-list__option_checked_false b-checkbox-list__option_disabled_false">Азовская</div><div title="Азовская кондитерская фабрика" class="b-checkbox-list__option b-checkbox-list__option_checked_false b-checkbox-list__option_disabled_false">Азовская кондитерская фабрика</div><div title="Акконд" class="b-checkbox-list__option b-checkbox-list__option_checked_false b-checkbox-list__option_disabled_false">Акконд</div><div title="Активиа" class="b-checkbox-list__option b-checkbox-list__option_checked_false b-checkbox-list__option_disabled_false">Активиа</div><div title="Актуаль" class="b-checkbox-list__option b-checkbox-list__option_checked_false b-checkbox-list__option_disabled_false">Актуаль</div><div title="Аладушкин" class="b-checkbox-list__option b-checkbox-list__option_checked_false b-checkbox-list__option_disabled_false">Аладушкин</div><div title="Аланталь" class="b-checkbox-list__option b-checkbox-list__option_checked_false b-checkbox-list__option_disabled_false">Аланталь</div><div title="Аленка" class="b-checkbox-list__option b-checkbox-list__option_checked_false b-checkbox-list__option_disabled_false">Аленка</div><div title="Аппетитка" class="b-checkbox-list__option b-checkbox-list__option_checked_false b-checkbox-list__option_disabled_false">Аппетитка</div><div title="Апсны" class="b-checkbox-list__option b-checkbox-list__option_checked_false b-checkbox-list__option_disabled_false">Апсны</div><div title="Архангельская" class="b-checkbox-list__option b-checkbox-list__option_checked_false b-checkbox-list__option_disabled_false">Архангельская</div><div title="Архыз" class="b-checkbox-list__option b-checkbox-list__option_checked_false b-checkbox-list__option_disabled_false">Архыз</div><div title="Асто" class="b-checkbox-list__option b-checkbox-list__option_checked_false b-checkbox-list__option_disabled_false">Асто</div><div title="Атяшево" class="b-checkbox-list__option b-checkbox-list__option_checked_false b-checkbox-list__option_disabled_false">Атяшево</div><div title="Аш-тау" class="b-checkbox-list__option b-checkbox-list__option_checked_false b-checkbox-list__option_disabled_false">Аш-тау</div><div title="Баварушка" class="b-checkbox-list__option b-checkbox-list__option_checked_false b-checkbox-list__option_disabled_false">Баварушка</div><div title="Балтийский берег" class="b-checkbox-list__option b-checkbox-list__option_checked_false b-checkbox-list__option_disabled_false">Балтийский берег</div><div title="Бархатные ручки" class="b-checkbox-list__option b-checkbox-list__option_checked_false b-checkbox-list__option_disabled_false">Бархатные ручки</div><div title="Белая Березка" class="b-checkbox-list__option b-checkbox-list__option_checked_false b-checkbox-list__option_disabled_false">Белая Березка</div><div title="Белевская пастила" class="b-checkbox-list__option b-checkbox-list__option_checked_false b-checkbox-list__option_disabled_false">Белевская пастила</div><div title="Белочка" class="b-checkbox-list__option b-checkbox-list__option_checked_false b-checkbox-list__option_disabled_false">Белочка</div><div title="Белый налив" class="b-checkbox-list__option b-checkbox-list__option_checked_false b-checkbox-list__option_disabled_false">Белый налив</div><div title="Биг-ланч" class="b-checkbox-list__option b-checkbox-list__option_checked_false b-checkbox-list__option_disabled_false">Биг-ланч</div><div title="Биолан" class="b-checkbox-list__option b-checkbox-list__option_checked_false b-checkbox-list__option_disabled_false">Биолан</div><div title="БКК Коломенское" class="b-checkbox-list__option b-checkbox-list__option_checked_false b-checkbox-list__option_disabled_false">БКК Коломенское</div><div title="Ближние Горки" class="b-checkbox-list__option b-checkbox-list__option_checked_false b-checkbox-list__option_disabled_false">Ближние Горки</div><div title="Богучарские" class="b-checkbox-list__option b-checkbox-list__option_checked_false b-checkbox-list__option_disabled_false">Богучарские</div><div title="Большая чашка" class="b-checkbox-list__option b-checkbox-list__option_checked_false b-checkbox-list__option_disabled_false">Большая чашка</div><div title="Бон Пари" class="b-checkbox-list__option b-checkbox-list__option_checked_false b-checkbox-list__option_disabled_false">Бон Пари</div><div title="Боярушка" class="b-checkbox-list__option b-checkbox-list__option_checked_false b-checkbox-list__option_disabled_false">Боярушка</div><div title="Брест-Литовск" class="b-checkbox-list__option b-checkbox-list__option_checked_false b-checkbox-list__option_disabled_false">Брест-Литовск</div><div title="Бугульма" class="b-checkbox-list__option b-checkbox-list__option_checked_false b-checkbox-list__option_disabled_false">Бугульма</div><div title="Ваше здоровье" class="b-checkbox-list__option b-checkbox-list__option_checked_false b-checkbox-list__option_disabled_false">Ваше здоровье</div><div title="Великолукский Мясокомбинат" class="b-checkbox-list__option b-checkbox-list__option_checked_false b-checkbox-list__option_disabled_false">Великолукский Мясокомбинат</div><div title="Верховье" class="b-checkbox-list__option b-checkbox-list__option_checked_false b-checkbox-list__option_disabled_false">Верховье</div><div title="Вкуснотеево" class="b-checkbox-list__option b-checkbox-list__option_checked_false b-checkbox-list__option_disabled_false">Вкуснотеево</div><div title="Владпродукт" class="b-checkbox-list__option b-checkbox-list__option_checked_false b-checkbox-list__option_disabled_false">Владпродукт</div><div title="Волковская пивоварня" class="b-checkbox-list__option b-checkbox-list__option_checked_false b-checkbox-list__option_disabled_false">Волковская пивоварня</div><div title="Вологодское" class="b-checkbox-list__option b-checkbox-list__option_checked_false b-checkbox-list__option_disabled_false">Вологодское</div><div title="Волшебное дерево" class="b-checkbox-list__option b-checkbox-list__option_checked_false b-checkbox-list__option_disabled_false">Волшебное дерево</div><div title="Гастроном 1" class="b-checkbox-list__option b-checkbox-list__option_checked_false b-checkbox-list__option_disabled_false">Гастроном 1</div><div title="Главпродукт" class="b-checkbox-list__option b-checkbox-list__option_checked_false b-checkbox-list__option_disabled_false">Главпродукт</div><div title="Главсуп" class="b-checkbox-list__option b-checkbox-list__option_checked_false b-checkbox-list__option_disabled_false">Главсуп</div><div title="Горячая штучка" class="b-checkbox-list__option b-checkbox-list__option_checked_false b-checkbox-list__option_disabled_false">Горячая штучка</div><div title="Готово!" class="b-checkbox-list__option b-checkbox-list__option_checked_false b-checkbox-list__option_disabled_false">Готово!</div><div title="Гриль Мания" class="b-checkbox-list__option b-checkbox-list__option_checked_false b-checkbox-list__option_disabled_false">Гриль Мания</div><div title="Дальневосточный" class="b-checkbox-list__option b-checkbox-list__option_checked_false b-checkbox-list__option_disabled_false">Дальневосточный</div><div title="Даниссимо" class="b-checkbox-list__option b-checkbox-list__option_checked_false b-checkbox-list__option_disabled_false">Даниссимо</div><div title="ДАЁЖЪ" class="b-checkbox-list__option b-checkbox-list__option_checked_false b-checkbox-list__option_disabled_false">ДАЁЖЪ</div><div title="Дивный Берег" class="b-checkbox-list__option b-checkbox-list__option_checked_false b-checkbox-list__option_disabled_false">Дивный Берег</div><div title="Для всей семьи" class="b-checkbox-list__option b-checkbox-list__option_checked_false b-checkbox-list__option_disabled_false">Для всей семьи</div><div title="Добрый" class="b-checkbox-list__option b-checkbox-list__option_checked_false b-checkbox-list__option_disabled_false">Добрый</div><div title="Древний Эривань" class="b-checkbox-list__option b-checkbox-list__option_checked_false b-checkbox-list__option_disabled_false">Древний Эривань</div><div title="Дугладзе" class="b-checkbox-list__option b-checkbox-list__option_checked_false b-checkbox-list__option_disabled_false">Дугладзе</div><div title="Дым ДымычЪ" class="b-checkbox-list__option b-checkbox-list__option_checked_false b-checkbox-list__option_disabled_false">Дым ДымычЪ</div><div title="Дядя ваня" class="b-checkbox-list__option b-checkbox-list__option_checked_false b-checkbox-list__option_disabled_false">Дядя ваня</div><div title="Европром" class="b-checkbox-list__option b-checkbox-list__option_checked_false b-checkbox-list__option_disabled_false">Европром</div><div title="Егорьевская колбасно-гастрономическая фабрика" class="b-checkbox-list__option b-checkbox-list__option_checked_false b-checkbox-list__option_disabled_false">Егорьевская колбасно-гастрономическая фабрика</div><div title="Жаренки" class="b-checkbox-list__option b-checkbox-list__option_checked_false b-checkbox-list__option_disabled_false">Жаренки</div><div title="Живые конфеты" class="b-checkbox-list__option b-checkbox-list__option_checked_false b-checkbox-list__option_disabled_false">Живые конфеты</div><div title="Звездочки" class="b-checkbox-list__option b-checkbox-list__option_checked_false b-checkbox-list__option_disabled_false">Звездочки</div><div title="Здрава" class="b-checkbox-list__option b-checkbox-list__option_checked_false b-checkbox-list__option_disabled_false">Здрава</div><div title="Зелёная марка" class="b-checkbox-list__option b-checkbox-list__option_checked_false b-checkbox-list__option_disabled_false">Зелёная марка</div><div title="Зерница" class="b-checkbox-list__option b-checkbox-list__option_checked_false b-checkbox-list__option_disabled_false">Зерница</div><div title="Золотая семечка" class="b-checkbox-list__option b-checkbox-list__option_checked_false b-checkbox-list__option_disabled_false">Золотая семечка</div><div title="Золотой петушок" class="b-checkbox-list__option b-checkbox-list__option_checked_false b-checkbox-list__option_disabled_false">Золотой петушок</div><div title="Иваси" class="b-checkbox-list__option b-checkbox-list__option_checked_false b-checkbox-list__option_disabled_false">Иваси</div><div title="Индилайт" class="b-checkbox-list__option b-checkbox-list__option_checked_false b-checkbox-list__option_disabled_false">Индилайт</div><div title="Иней" class="b-checkbox-list__option b-checkbox-list__option_checked_false b-checkbox-list__option_disabled_false">Иней</div><div title="Инкерман" class="b-checkbox-list__option b-checkbox-list__option_checked_false b-checkbox-list__option_disabled_false">Инкерман</div><div title="Капитан Норд" class="b-checkbox-list__option b-checkbox-list__option_checked_false b-checkbox-list__option_disabled_false">Капитан Норд</div><div title="Каравай" class="b-checkbox-list__option b-checkbox-list__option_checked_false b-checkbox-list__option_disabled_false">Каравай</div><div title="Караван Сарай" class="b-checkbox-list__option b-checkbox-list__option_checked_false b-checkbox-list__option_disabled_false">Караван Сарай</div><div title="Карат Плюс" class="b-checkbox-list__option b-checkbox-list__option_checked_false b-checkbox-list__option_disabled_false">Карат Плюс</div><div title="Карельский бальзам" class="b-checkbox-list__option b-checkbox-list__option_checked_false b-checkbox-list__option_disabled_false">Карельский бальзам</div><div title="Каскад" class="b-checkbox-list__option b-checkbox-list__option_checked_false b-checkbox-list__option_disabled_false">Каскад</div><div title="Квант" class="b-checkbox-list__option b-checkbox-list__option_checked_false b-checkbox-list__option_disabled_false">Квант</div><div title="КД Посадъ" class="b-checkbox-list__option b-checkbox-list__option_checked_false b-checkbox-list__option_disabled_false">КД Посадъ</div><div title="Кизлярский" class="b-checkbox-list__option b-checkbox-list__option_checked_false b-checkbox-list__option_disabled_false">Кизлярский</div><div title="Киновский" class="b-checkbox-list__option b-checkbox-list__option_checked_false b-checkbox-list__option_disabled_false">Киновский</div><div title="Клинский мясокомбинат" class="b-checkbox-list__option b-checkbox-list__option_checked_false b-checkbox-list__option_disabled_false">Клинский мясокомбинат</div><div title="Комильфо" class="b-checkbox-list__option b-checkbox-list__option_checked_false b-checkbox-list__option_disabled_false">Комильфо</div><div title="Коммунарка" class="b-checkbox-list__option b-checkbox-list__option_checked_false b-checkbox-list__option_disabled_false">Коммунарка</div><div title="Конти" class="b-checkbox-list__option b-checkbox-list__option_checked_false b-checkbox-list__option_disabled_false">Конти</div><div title="Корела" class="b-checkbox-list__option b-checkbox-list__option_checked_false b-checkbox-list__option_disabled_false">Корела</div><div title="Коровка" class="b-checkbox-list__option b-checkbox-list__option_checked_false b-checkbox-list__option_disabled_false">Коровка</div><div title="Красный Октябрь" class="b-checkbox-list__option b-checkbox-list__option_checked_false b-checkbox-list__option_disabled_false">Красный Октябрь</div><div title="Кременкульское" class="b-checkbox-list__option b-checkbox-list__option_checked_false b-checkbox-list__option_disabled_false">Кременкульское</div><div title="Кремлина" class="b-checkbox-list__option b-checkbox-list__option_checked_false b-checkbox-list__option_disabled_false">Кремлина</div><div title="Крепкие традиции" class="b-checkbox-list__option b-checkbox-list__option_checked_false b-checkbox-list__option_disabled_false">Крепкие традиции</div><div title="Крымский Погребок" class="b-checkbox-list__option b-checkbox-list__option_checked_false b-checkbox-list__option_disabled_false">Крымский Погребок</div><div title="Кухмастер" class="b-checkbox-list__option b-checkbox-list__option_checked_false b-checkbox-list__option_disabled_false">Кухмастер</div><div title="Лакомства для здоровья" class="b-checkbox-list__option b-checkbox-list__option_checked_false b-checkbox-list__option_disabled_false">Лакомства для здоровья</div><div title="Левъ Голицынъ" class="b-checkbox-list__option b-checkbox-list__option_checked_false b-checkbox-list__option_disabled_false">Левъ Голицынъ</div><div title="Липецкая" class="b-checkbox-list__option b-checkbox-list__option_checked_false b-checkbox-list__option_disabled_false">Липецкая</div><div title="Ложкаревъ" class="b-checkbox-list__option b-checkbox-list__option_checked_false b-checkbox-list__option_disabled_false">Ложкаревъ</div><div title="Лыхны" class="b-checkbox-list__option b-checkbox-list__option_checked_false b-checkbox-list__option_disabled_false">Лыхны</div><div title="Мааг" class="b-checkbox-list__option b-checkbox-list__option_checked_false b-checkbox-list__option_disabled_false">Мааг</div><div title="Майский" class="b-checkbox-list__option b-checkbox-list__option_checked_false b-checkbox-list__option_disabled_false">Майский</div><div title="Малышок" class="b-checkbox-list__option b-checkbox-list__option_checked_false b-checkbox-list__option_disabled_false">Малышок</div><div title="Массандра" class="b-checkbox-list__option b-checkbox-list__option_checked_false b-checkbox-list__option_disabled_false">Массандра</div><div title="Махеевъ" class="b-checkbox-list__option b-checkbox-list__option_checked_false b-checkbox-list__option_disabled_false">Махеевъ</div><div title="Медвежонок Барни" class="b-checkbox-list__option b-checkbox-list__option_checked_false b-checkbox-list__option_disabled_false">Медвежонок Барни</div><div title="Медунок" class="b-checkbox-list__option b-checkbox-list__option_checked_false b-checkbox-list__option_disabled_false">Медунок</div><div title="Меридиан" class="b-checkbox-list__option b-checkbox-list__option_checked_false b-checkbox-list__option_disabled_false">Меридиан</div><div title="Мираторг" class="b-checkbox-list__option b-checkbox-list__option_checked_false b-checkbox-list__option_disabled_false">Мираторг</div><div title="Мистраль" class="b-checkbox-list__option b-checkbox-list__option_checked_false b-checkbox-list__option_disabled_false">Мистраль</div><div title="Мишаня" class="b-checkbox-list__option b-checkbox-list__option_checked_false b-checkbox-list__option_disabled_false">Мишаня</div><div title="Мишка Косолапый" class="b-checkbox-list__option b-checkbox-list__option_checked_false b-checkbox-list__option_disabled_false">Мишка Косолапый</div><div title="Мишки в лесу" class="b-checkbox-list__option b-checkbox-list__option_checked_false b-checkbox-list__option_disabled_false">Мишки в лесу</div><div title="Молочная культура" class="b-checkbox-list__option b-checkbox-list__option_checked_false b-checkbox-list__option_disabled_false">Молочная культура</div><div title="Морозко" class="b-checkbox-list__option b-checkbox-list__option_checked_false b-checkbox-list__option_disabled_false">Морозко</div><div title="Морошка" class="b-checkbox-list__option b-checkbox-list__option_checked_false b-checkbox-list__option_disabled_false">Морошка</div><div title="Морская планета" class="b-checkbox-list__option b-checkbox-list__option_checked_false b-checkbox-list__option_disabled_false">Морская планета</div><div title="Московская кофейня на паяхъ" class="b-checkbox-list__option b-checkbox-list__option_checked_false b-checkbox-list__option_disabled_false">Московская кофейня на паяхъ</div><div title="Мясная ферма" class="b-checkbox-list__option b-checkbox-list__option_checked_false b-checkbox-list__option_disabled_false">Мясная ферма</div><div title="Националь" class="b-checkbox-list__option b-checkbox-list__option_checked_false b-checkbox-list__option_disabled_false">Националь</div><div title="Невская сушка" class="b-checkbox-list__option b-checkbox-list__option_checked_false b-checkbox-list__option_disabled_false">Невская сушка</div><div title="Невские Берега" class="b-checkbox-list__option b-checkbox-list__option_checked_false b-checkbox-list__option_disabled_false">Невские Берега</div><div title="Невский кондитер" class="b-checkbox-list__option b-checkbox-list__option_checked_false b-checkbox-list__option_disabled_false">Невский кондитер</div><div title="Новгородский бекон" class="b-checkbox-list__option b-checkbox-list__option_checked_false b-checkbox-list__option_disabled_false">Новгородский бекон</div><div title="Ого!" class="b-checkbox-list__option b-checkbox-list__option_checked_false b-checkbox-list__option_disabled_false">Ого!</div><div title="Окраина" class="b-checkbox-list__option b-checkbox-list__option_checked_false b-checkbox-list__option_disabled_false">Окраина</div><div title="Ольховский Мк" class="b-checkbox-list__option b-checkbox-list__option_checked_false b-checkbox-list__option_disabled_false">Ольховский Мк</div><div title="Оредеж" class="b-checkbox-list__option b-checkbox-list__option_checked_false b-checkbox-list__option_disabled_false">Оредеж</div><div title="Останкино" class="b-checkbox-list__option b-checkbox-list__option_checked_false b-checkbox-list__option_disabled_false">Останкино</div><div title="От Мартина" class="b-checkbox-list__option b-checkbox-list__option_checked_false b-checkbox-list__option_disabled_false">От Мартина</div><div title="Пантенол" class="b-checkbox-list__option b-checkbox-list__option_checked_false b-checkbox-list__option_disabled_false">Пантенол</div><div title="Папа может" class="b-checkbox-list__option b-checkbox-list__option_checked_false b-checkbox-list__option_disabled_false">Папа может</div><div title="Пекарь" class="b-checkbox-list__option b-checkbox-list__option_checked_false b-checkbox-list__option_disabled_false">Пекарь</div><div title="Петелинка" class="b-checkbox-list__option b-checkbox-list__option_checked_false b-checkbox-list__option_disabled_false">Петелинка</div><div title="Петр Первый" class="b-checkbox-list__option b-checkbox-list__option_checked_false b-checkbox-list__option_disabled_false">Петр Первый</div><div title="Петруха" class="b-checkbox-list__option b-checkbox-list__option_checked_false b-checkbox-list__option_disabled_false">Петруха</div><div title="Пиканта" class="b-checkbox-list__option b-checkbox-list__option_checked_false b-checkbox-list__option_disabled_false">Пиканта</div><div title="Питейный дом" class="b-checkbox-list__option b-checkbox-list__option_checked_false b-checkbox-list__option_disabled_false">Питейный дом</div><div title="Победа вкуса" class="b-checkbox-list__option b-checkbox-list__option_checked_false b-checkbox-list__option_disabled_false">Победа вкуса</div><div title="Полет" class="b-checkbox-list__option b-checkbox-list__option_checked_false b-checkbox-list__option_disabled_false">Полет</div><div title="Помидорка" class="b-checkbox-list__option b-checkbox-list__option_checked_false b-checkbox-list__option_disabled_false">Помидорка</div><div title="Прелесть" class="b-checkbox-list__option b-checkbox-list__option_checked_false b-checkbox-list__option_disabled_false">Прелесть</div><div title="Простоквашино" class="b-checkbox-list__option b-checkbox-list__option_checked_false b-checkbox-list__option_disabled_false">Простоквашино</div><div title="Псоу" class="b-checkbox-list__option b-checkbox-list__option_checked_false b-checkbox-list__option_disabled_false">Псоу</div><div title="Птицефабрика Северная" class="b-checkbox-list__option b-checkbox-list__option_checked_false b-checkbox-list__option_disabled_false">Птицефабрика Северная</div><div title="Пчелка" class="b-checkbox-list__option b-checkbox-list__option_checked_false b-checkbox-list__option_disabled_false">Пчелка</div><div title="Пять звездочек" class="b-checkbox-list__option b-checkbox-list__option_checked_false b-checkbox-list__option_disabled_false">Пять звездочек</div><div title="Резной Палисад" class="b-checkbox-list__option b-checkbox-list__option_checked_false b-checkbox-list__option_disabled_false">Резной Палисад</div><div title="Ресторация обломов" class="b-checkbox-list__option b-checkbox-list__option_checked_false b-checkbox-list__option_disabled_false">Ресторация обломов</div><div title="Рестория" class="b-checkbox-list__option b-checkbox-list__option_checked_false b-checkbox-list__option_disabled_false">Рестория</div><div title="Рецепты бабушки Агафьи" class="b-checkbox-list__option b-checkbox-list__option_checked_false b-checkbox-list__option_disabled_false">Рецепты бабушки Агафьи</div><div title="Родные просторы" class="b-checkbox-list__option b-checkbox-list__option_checked_false b-checkbox-list__option_disabled_false">Родные просторы</div><div title="Роллтон" class="b-checkbox-list__option b-checkbox-list__option_checked_false b-checkbox-list__option_disabled_false">Роллтон</div><div title="Ростагрокомплекс" class="b-checkbox-list__option b-checkbox-list__option_checked_false b-checkbox-list__option_disabled_false">Ростагрокомплекс</div><div title="Рот Фронт" class="b-checkbox-list__option b-checkbox-list__option_checked_false b-checkbox-list__option_disabled_false">Рот Фронт</div><div title="Русская картошка" class="b-checkbox-list__option b-checkbox-list__option_checked_false b-checkbox-list__option_disabled_false">Русская картошка</div><div title="Русская Лоза" class="b-checkbox-list__option b-checkbox-list__option_checked_false b-checkbox-list__option_disabled_false">Русская Лоза</div><div title="Русский Продукт" class="b-checkbox-list__option b-checkbox-list__option_checked_false b-checkbox-list__option_disabled_false">Русский Продукт</div><div title="Русский Стандарт" class="b-checkbox-list__option b-checkbox-list__option_checked_false b-checkbox-list__option_disabled_false">Русский Стандарт</div><div title="Русский Узор" class="b-checkbox-list__option b-checkbox-list__option_checked_false b-checkbox-list__option_disabled_false">Русский Узор</div><div title="Рыбная кухня" class="b-checkbox-list__option b-checkbox-list__option_checked_false b-checkbox-list__option_disabled_false">Рыбная кухня</div><div title="С пылу с жару" class="b-checkbox-list__option b-checkbox-list__option_checked_false b-checkbox-list__option_disabled_false">С пылу с жару</div><div title="Сhateau Tamagne" class="b-checkbox-list__option b-checkbox-list__option_checked_false b-checkbox-list__option_disabled_false">Сhateau Tamagne</div><div title="Санта бремор" class="b-checkbox-list__option b-checkbox-list__option_checked_false b-checkbox-list__option_disabled_false">Санта бремор</div><div title="Сарафаново" class="b-checkbox-list__option b-checkbox-list__option_checked_false b-checkbox-list__option_disabled_false">Сарафаново</div><div title="Саят-Нова" class="b-checkbox-list__option b-checkbox-list__option_checked_false b-checkbox-list__option_disabled_false">Саят-Нова</div><div title="Свежее Завтра" class="b-checkbox-list__option b-checkbox-list__option_checked_false b-checkbox-list__option_disabled_false">Свежее Завтра</div><div title="Свитлогорье" class="b-checkbox-list__option b-checkbox-list__option_checked_false b-checkbox-list__option_disabled_false">Свитлогорье</div><div title="Святой Источник" class="b-checkbox-list__option b-checkbox-list__option_checked_false b-checkbox-list__option_disabled_false">Святой Источник</div><div title="Сдобная особа" class="b-checkbox-list__option b-checkbox-list__option_checked_false b-checkbox-list__option_disabled_false">Сдобная особа</div><div title="Селяночка" class="b-checkbox-list__option b-checkbox-list__option_checked_false b-checkbox-list__option_disabled_false">Селяночка</div><div title="Сибирская коллекция" class="b-checkbox-list__option b-checkbox-list__option_checked_false b-checkbox-list__option_disabled_false">Сибирская коллекция</div><div title="Сияние" class="b-checkbox-list__option b-checkbox-list__option_checked_false b-checkbox-list__option_disabled_false">Сияние</div><div title="Славянка" class="b-checkbox-list__option b-checkbox-list__option_checked_false b-checkbox-list__option_disabled_false">Славянка</div><div title="Славянские традиции" class="b-checkbox-list__option b-checkbox-list__option_checked_false b-checkbox-list__option_disabled_false">Славянские традиции</div><div title="Слобода" class="b-checkbox-list__option b-checkbox-list__option_checked_false b-checkbox-list__option_disabled_false">Слобода</div><div title="Слово мясника" class="b-checkbox-list__option b-checkbox-list__option_checked_false b-checkbox-list__option_disabled_false">Слово мясника</div><div title="Старейшина" class="b-checkbox-list__option b-checkbox-list__option_checked_false b-checkbox-list__option_disabled_false">Старейшина</div><div title="Стародворские колбасы" class="b-checkbox-list__option b-checkbox-list__option_checked_false b-checkbox-list__option_disabled_false">Стародворские колбасы</div><div title="Стародворье" class="b-checkbox-list__option b-checkbox-list__option_checked_false b-checkbox-list__option_disabled_false">Стародворье</div><div title="Стебель бамбука" class="b-checkbox-list__option b-checkbox-list__option_checked_false b-checkbox-list__option_disabled_false">Стебель бамбука</div><div title="Степ" class="b-checkbox-list__option b-checkbox-list__option_checked_false b-checkbox-list__option_disabled_false">Степ</div><div title="Сытый папа" class="b-checkbox-list__option b-checkbox-list__option_checked_false b-checkbox-list__option_disabled_false">Сытый папа</div><div title="Таранька" class="b-checkbox-list__option b-checkbox-list__option_checked_false b-checkbox-list__option_disabled_false">Таранька</div><div title="Тема" class="b-checkbox-list__option b-checkbox-list__option_checked_false b-checkbox-list__option_disabled_false">Тема</div><div title="Тесей" class="b-checkbox-list__option b-checkbox-list__option_checked_false b-checkbox-list__option_disabled_false">Тесей</div><div title="Три старика" class="b-checkbox-list__option b-checkbox-list__option_checked_false b-checkbox-list__option_disabled_false">Три старика</div><div title="Тысяча озер" class="b-checkbox-list__option b-checkbox-list__option_checked_false b-checkbox-list__option_disabled_false">Тысяча озер</div><div title="Ухтышки" class="b-checkbox-list__option b-checkbox-list__option_checked_false b-checkbox-list__option_disabled_false">Ухтышки</div><div title="Фабрика имени Крупской" class="b-checkbox-list__option b-checkbox-list__option_checked_false b-checkbox-list__option_disabled_false">Фабрика имени Крупской</div><div title="Фанагория" class="b-checkbox-list__option b-checkbox-list__option_checked_false b-checkbox-list__option_disabled_false">Фанагория</div><div title="Фили-Бейкер" class="b-checkbox-list__option b-checkbox-list__option_checked_false b-checkbox-list__option_disabled_false">Фили-Бейкер</div><div title="Фрутоняня" class="b-checkbox-list__option b-checkbox-list__option_checked_false b-checkbox-list__option_disabled_false">Фрутоняня</div><div title="Хлебный дом" class="b-checkbox-list__option b-checkbox-list__option_checked_false b-checkbox-list__option_disabled_false">Хлебный дом</div><div title="Хрутка" class="b-checkbox-list__option b-checkbox-list__option_checked_false b-checkbox-list__option_disabled_false">Хрутка</div><div title="Царская" class="b-checkbox-list__option b-checkbox-list__option_checked_false b-checkbox-list__option_disabled_false">Царская</div><div title="Цезарь" class="b-checkbox-list__option b-checkbox-list__option_checked_false b-checkbox-list__option_disabled_false">Цезарь</div><div title="Чегем" class="b-checkbox-list__option b-checkbox-list__option_checked_false b-checkbox-list__option_disabled_false">Чегем</div><div title="Черкизово" class="b-checkbox-list__option b-checkbox-list__option_checked_false b-checkbox-list__option_disabled_false">Черкизово</div><div title="Черный кабан" class="b-checkbox-list__option b-checkbox-list__option_checked_false b-checkbox-list__option_disabled_false">Черный кабан</div><div title="Четверг" class="b-checkbox-list__option b-checkbox-list__option_checked_false b-checkbox-list__option_disabled_false">Четверг</div><div title="Чистая линия" class="b-checkbox-list__option b-checkbox-list__option_checked_false b-checkbox-list__option_disabled_false">Чистая линия</div><div title="Чёрная карта" class="b-checkbox-list__option b-checkbox-list__option_checked_false b-checkbox-list__option_disabled_false">Чёрная карта</div><div title="Шарлиз" class="b-checkbox-list__option b-checkbox-list__option_checked_false b-checkbox-list__option_disabled_false">Шарлиз</div><div title="Шебекинские" class="b-checkbox-list__option b-checkbox-list__option_checked_false b-checkbox-list__option_disabled_false">Шебекинские</div><div title="Шишкин лес" class="b-checkbox-list__option b-checkbox-list__option_checked_false b-checkbox-list__option_disabled_false">Шишкин лес</div><div title="Шоколадница" class="b-checkbox-list__option b-checkbox-list__option_checked_false b-checkbox-list__option_disabled_false">Шоколадница</div><div title="Шоколадное" class="b-checkbox-list__option b-checkbox-list__option_checked_false b-checkbox-list__option_disabled_false">Шоколадное</div><div title="Щедрые" class="b-checkbox-list__option b-checkbox-list__option_checked_false b-checkbox-list__option_disabled_false">Щедрые</div><div title="Эго" class="b-checkbox-list__option b-checkbox-list__option_checked_false b-checkbox-list__option_disabled_false">Эго</div><div title="Экомилк" class="b-checkbox-list__option b-checkbox-list__option_checked_false b-checkbox-list__option_disabled_false">Экомилк</div><div title="Эшера" class="b-checkbox-list__option b-checkbox-list__option_checked_false b-checkbox-list__option_disabled_false">Эшера</div><div title="Юбилейное" class="b-checkbox-list__option b-checkbox-list__option_checked_false b-checkbox-list__option_disabled_false">Юбилейное</div><div title="Яровое поле" class="b-checkbox-list__option b-checkbox-list__option_checked_false b-checkbox-list__option_disabled_false">Яровое поле</div><div title="Ясно Солнышко" class="b-checkbox-list__option b-checkbox-list__option_checked_false b-checkbox-list__option_disabled_false">Ясно Солнышко</div><div title="Яшкино" class="b-checkbox-list__option b-checkbox-list__option_checked_false b-checkbox-list__option_disabled_false">Яшкино</div><div title="№1" class="b-checkbox-list__option b-checkbox-list__option_checked_false b-checkbox-list__option_disabled_false">№1</div></div></div></div></div> <div class="b-accordion b-accordion_disabled_false"><div class="b-accordion__root"><div class="b-accordion__item1"><div class="b-accordion__item1-title b-accordion__item1-title_current_true b-accordion__item1-title_disabled_false b-accordion__item1-title_opened_false">Все категории</div> <!----></div><div class="b-accordion__item1"><a href="/sankt-peterburg/retailers/5ka?segment=food" class="b-accordion__item1-title b-accordion__item1-title_selected_false b-accordion__item1-title_opened_false">Продукты</a> <!----></div><div class="b-accordion__item1"><a href="/sankt-peterburg/retailers/5ka?segment=alcohol" class="b-accordion__item1-title b-accordion__item1-title_selected_false b-accordion__item1-title_opened_false">Алкоголь</a> <!----></div><div class="b-accordion__item1"><a href="/sankt-peterburg/retailers/5ka?segment=home-stuff" class="b-accordion__item1-title b-accordion__item1-title_selected_false b-accordion__item1-title_opened_false">Для дома</a> <!----></div><div class="b-accordion__item1"><a href="/sankt-peterburg/retailers/5ka?segment=cosmetics-hygiene" class="b-accordion__item1-title b-accordion__item1-title_selected_false b-accordion__item1-title_opened_false">Косметика и гигиена</a> <!----></div><div class="b-accordion__item1"><a href="/sankt-peterburg/retailers/5ka?segment=for-kids" class="b-accordion__item1-title b-accordion__item1-title_selected_false b-accordion__item1-title_opened_false">Для детей</a> <!----></div><div class="b-accordion__item1"><a href="/sankt-peterburg/retailers/5ka?segment=pet-supplies" class="b-accordion__item1-title b-accordion__item1-title_selected_false b-accordion__item1-title_opened_false">Зоотовары</a> <!----></div><div class="b-accordion__item1"><a href="/sankt-peterburg/retailers/5ka?segment=mkt-summer-residence-garden-and-kitchen-garden-953" class="b-accordion__item1-title b-accordion__item1-title_selected_false b-accordion__item1-title_opened_false">Дача, сад и огород</a> <!----></div></div></div> <div id="sidebar_place" class="p-retailer__rtb-block p-retailer__rtb-block_type_sidebar"><div id="rtb-R-I-338751-2-6-1fa8231370c44d" class="rtb-output-352a670fe3736"><yatag class="jb181c06a xd3f15a38"><style type="text/css">.xd3f15a38{opacity: !important;white-space:normal !important;visibility:visible !important}.xd3f15a38,.xd3f15a38 yatag{display:block !important;font-family:inherit !important}.xd3f15a38,.xd3f15a38,.xd3f15a38 a,.xd3f15a38 b,.xd3f15a38 em,.xd3f15a38 iframe,.xd3f15a38 img,.xd3f15a38 table,.xd3f15a38 tbody,.xd3f15a38 td,.xd3f15a38 tr,.xd3f15a38 yatag{-webkit-box-sizing:content-box !important;box-sizing:content-box !important;color:inherit !important;font-size:inherit !important;font-weight:inherit !important;-webkit-hyphens:manual !important;-ms-hyphens:manual !important;hyphens:manual !important;-webkit-transition:none !important;-o-transition:none !important;transition:none !important}.xd3f15a38,.xd3f15a38 a,.xd3f15a38 b,.xd3f15a38 em,.xd3f15a38 iframe,.xd3f15a38 img,.xd3f15a38 table,.xd3f15a38 tbody,.xd3f15a38 td,.xd3f15a38 tr{background:none !important;border:none !important;border-radius:0 !important;border-spacing:0 !important;border-collapse:collapse !important;clear:none !important;float:none !important;font-variant:normal !important;letter-spacing:normal !important;line-height:normal !important;margin:0 !important;max-height:none !important;max-width:none !important;min-height:0 !important;min-width:0 !important;outline:none !important;padding:0 !important;position:static !important;text-align:left !important;text-decoration:none !important;text-indent:0 !important;text-transform:none !important;vertical-align:baseline !important;visibility:inherit !important;word-spacing:normal !important}.xd3f15a38,.xd3f15a38 a,.xd3f15a38 b,.xd3f15a38 em,.xd3f15a38 img,.xd3f15a38 table,.xd3f15a38 tbody,.xd3f15a38 td,.xd3f15a38 tr{height:auto !important}.xd3f15a38 table{display:table !important;empty-cells:hide !important;table-layout:fixed !important}.xd3f15a38 table,.xd3f15a38 td{font-size:100% !important}.xd3f15a38 td{display:table-cell !important;vertical-align:middle !important}.xd3f15a38{width:auto !important;height:auto !important;overflow:visible !important}.xd3f15a38 .cb7102727{position:relative !important;margin:auto !important;display:-webkit-box !important;display:-ms-flexbox !important;display:flex !important;-webkit-box-pack:center !important;-ms-flex-pack:center !important;justify-content:center !important;-webkit-box-align:center !important;-ms-flex-align:center !important;align-items:center !important;overflow:hidden !important}.xd3f15a38 .meb119b87{padding:10px 16px 86px !important}.xd3f15a38 .r8353a8c8,.xd3f15a38 .d140d96a{position:absolute !important;z-index:1 !important;top:0 !important;left:0 !important;right:0 !important;bottom:0 !important;width:100% !important;height:100% !important;display:none !important}.xd3f15a38 .m741eddaf{width:100% !important;height:100% !important;position:absolute !important;pointer-events:none !important}.xd3f15a38 .e1aaee820{position:relative !important;z-index:2 !important}.xd3f15a38 .ob14e6c97{position:relative !important;top:0 !important;left:0 !important;width:100% !important;height:100% !important;-webkit-transform-origin:0 0 !important;transform-origin:0 0 !important}.xd3f15a38 .ob14e6c97 iframe{position:absolute !important;top:0 !important;left:0 !important;width:100% !important;height:100% !important}.xd3f15a38 .cf5fdf888{position:absolute !important;width:100% !important;right:0 !important;top:0 !important;z-index:20 !important}.xd3f15a38 .pcb4e8c90{position:absolute !important;z-index:21 !important;top:0 !important;left:0 !important;width:100% !important;height:100% !important}.xd3f15a38 .t565dc7e2{position:absolute !important;top:0 !important;left:0 !important;z-index:10 !important;height:16px !important;padding:0 4px !important;font-size:11px !important;line-height:16px !important;color:#000 !important;text-decoration:none !important;background:#fff !important;border:1px solid #e5e5e5 !important;border-bottom-right-radius:3px !important;cursor:pointer !important}.xd3f15a38 .lf8b60a6{border:1px solid #303050 !important}.xd3f15a38 .xc38ce0c2{max-width:100% !important;max-height:100% !important}.xd3f15a38 .xc38ce0c2 .r8353a8c8,.xd3f15a38 .xc38ce0c2 .d140d96a{display:block !important}.xd3f15a38 .xc38ce0c2 .d140d96a{-webkit-filter:blur(10px) saturate(0) contrast(400%) !important;filter:blur(10px) saturate(0) contrast(400%) !important}.xd3f15a38 .xc38ce0c2 .r8353a8c8{background-color:rgba(38,38,38,.9) !important}.xd3f15a38 .c17575c64{-webkit-box-pack:start !important;-ms-flex-pack:start !important;justify-content:flex-start !important}.xd3f15a38 .gb1ce96d0,.xd3f15a38 .hc2e05d38{visibility:hidden !important;opacity:0 !important}.xd3f15a38 .hc2e05d38{max-width:1px !important;max-height:1px !important}.xd3f15a38 .b28e5d3e2{position:absolute !important;bottom:20px !important;left:16px !important;right:16px !important;z-index:3 !important;display:-webkit-box !important;display:-ms-flexbox !important;display:flex !important}@media (orientation:landscape){.xd3f15a38 .b28e5d3e2{margin:0 auto !important;width:260px !important}}.xd3f15a38 .ncf7f8eb1{height:48px !important;line-height:48px !important;font-size:16px !important;border-radius:8px !important;text-align:center !important;font-weight:700 !important;-ms-flex-item-align:stretch !important;align-self:stretch !important;padding:0 20px !important;white-space:nowrap !important;min-width:0 !important}.xd3f15a38 .qfbc5e2ca{background:-webkit-gradient(linear,left top,left bottom,from(#efefef),to(#e5e5e5)) !important;background:-o-linear-gradient(top,#efefef 0,#e5e5e5 100%) !important;background:linear-gradient(180deg,#efefef,#e5e5e5) !important;margin-right:8px !important;-webkit-box-flex:2 !important;-ms-flex:2 1 !important;flex:2 1 !important}.xd3f15a38 .rdbcb4894{background:-webkit-gradient(linear,left top,right top,color-stop(-40%,#f60),color-stop(20%,rgba(255,102,0,0))),-webkit-gradient(linear,right top,left top,color-stop(-40%,#f60),color-stop(20%,rgba(255,102,0,0))),-webkit-gradient(linear,left bottom,left top,color-stop(-80%,#f60),color-stop(80%,#fd0)) !important;background:-o-linear-gradient(left,#f60 -40%,rgba(255,102,0,0) 20%),-o-linear-gradient(right,#f60 -40%,rgba(255,102,0,0) 20%),-o-linear-gradient(bottom,#f60 -80%,#fd0 80%) !important;background:linear-gradient(90deg,#f60 -40%,rgba(255,102,0,0) 20%),linear-gradient(270deg,#f60 -40%,rgba(255,102,0,0) 20%),linear-gradient(0deg,#f60 -80%,#fd0 80%) !important;-webkit-box-flex:3 !important;-ms-flex:3 1 !important;flex:3 1 !important}.xd3f15a38 .bb4d4ebfe{display:inline-block !important;margin-left:8px !important}.xd3f15a38 .r9a6dbc97{position:absolute !important;left:-1000px !important;top:-1000px !important;width:1px !important;height:1px !important;display:block !important}.xd3f15a38 .g9169fd3f{cursor:pointer !important;position:absolute !important;right:4px !important;top:4px !important;z-index:10 !important}.xd3f15a38 .udfff0b6a.g9169fd3f{display:-webkit-box !important;display:-ms-flexbox !important;display:flex !important;-webkit-box-align:center !important;-ms-flex-align:center !important;align-items:center !important;-webkit-box-pack:center !important;-ms-flex-pack:center !important;justify-content:center !important;pointer-events:auto !important;border-radius:50% !important;-webkit-user-select:none !important;-moz-user-select:none !important;-ms-user-select:none !important;user-select:none !important;-webkit-tap-highlight-color:transparent !important}.xd3f15a38 .udfff0b6a.g9169fd3f:before{content:"" !important;position:absolute !important;top:-4px !important;left:50% !important;-webkit-transform:translateX(-50%) !important;transform:translateX(-50%) !important}.xd3f15a38 .udfff0b6a.g9169fd3f:hover .me03fd5cf{opacity:.8 !important}.xd3f15a38 .udfff0b6a.g9169fd3f.g4bf02784 .me03fd5cf{background-color:#fff !important;opacity:.8 !important}.xd3f15a38 .udfff0b6a.g9169fd3f.g4bf02784 .yf788af01 svg{fill:#575c66 !important}.xd3f15a38 .udfff0b6a.g9169fd3f.xd730a71c .me03fd5cf,.xd3f15a38 .udfff0b6a.g9169fd3f.va84fc03e .me03fd5cf{background:none !important}.xd3f15a38 .udfff0b6a.g9169fd3f.xd730a71c:hover{background-color:#e9e9e9 !important}.xd3f15a38 .udfff0b6a.g9169fd3f.xd730a71c .yf788af01 svg{fill:#242526 !important}.xd3f15a38 .udfff0b6a.g9169fd3f.xd730a71c .d5788287d{color:#242526 !important}.xd3f15a38 .udfff0b6a.g9169fd3f.va84fc03e:hover{background-color:rgba(248,250,255,.2) !important}.xd3f15a38 .udfff0b6a.g9169fd3f.va84fc03e .yf788af01 svg{fill:#fff !important}.xd3f15a38 .udfff0b6a.g9169fd3f.va84fc03e .d5788287d{color:#fff !important}.xd3f15a38 .udfff0b6a.m1ee8eb91{width:12px !important;height:12px !important}.xd3f15a38 .udfff0b6a.m1ee8eb91:before{width:28px !important;height:28px !important}.xd3f15a38 .udfff0b6a.m1ee8eb91 .yf788af01{-webkit-transform:scale(.6) !important;transform:scale(.6) !important}.xd3f15a38 .udfff0b6a.h77eb1769{width:16px !important;height:16px !important}.xd3f15a38 .udfff0b6a.h77eb1769:before{width:32px !important;height:32px !important}.xd3f15a38 .udfff0b6a.h77eb1769 .yf788af01{-webkit-transform:scale(.8) !important;transform:scale(.8) !important}.xd3f15a38 .udfff0b6a.v66493337{width:24px !important;height:24px !important}.xd3f15a38 .udfff0b6a.v66493337:before{width:42px !important;height:42px !important}.xd3f15a38 .udfff0b6a.ac60e77d6{width:28px !important;height:28px !important}.xd3f15a38 .udfff0b6a.ac60e77d6:before{width:42px !important;height:42px !important}.xd3f15a38 .udfff0b6a.ka73ecf0e{width:32px !important;height:32px !important}.xd3f15a38 .udfff0b6a.ka73ecf0e:before{width:48px !important;height:48px !important}.xd3f15a38 .me03fd5cf{height:100% !important;width:100% !important;position:absolute !important;top:0 !important;left:0 !important;z-index:-1 !important;border-radius:inherit !important;-webkit-transition:opacity .15s !important;-o-transition:opacity .15s !important;transition:opacity .15s !important;-webkit-transition:background-color .5s ease-in-out !important;-o-transition:background-color .5s ease-in-out !important;transition:background-color .5s ease-in-out !important}.xd3f15a38 .me03fd5cf.f5739c180{background:rgba(26,43,77,.4) !important;color:#fff !important}.xd3f15a38 .me03fd5cf.f5739c180:hover{opacity:.5 !important}.xd3f15a38 .me03fd5cf.g176a4922{background:hsla(0,0%,100%,.8) !important;color:#3a3c40 !important}.xd3f15a38 .me03fd5cf.g176a4922:hover{opacity:.9 !important}.xd3f15a38 .me03fd5cf.b30ff9e05{background:none !important}.xd3f15a38 .udfff0b6a .yf788af01{display:-webkit-box !important;display:-ms-flexbox !important;display:flex !important;-webkit-box-align:center !important;-ms-flex-align:center !important;align-items:center !important;-webkit-box-pack:center !important;-ms-flex-pack:center !important;justify-content:center !important;pointer-events:none !important}.xd3f15a38 .udfff0b6a .yf788af01.f5739c180 svg{fill:#fff !important}.xd3f15a38 .udfff0b6a .yf788af01.f5739c180 svg,.xd3f15a38 .udfff0b6a .yf788af01.g176a4922 svg{-webkit-transition:fill .5s ease-in-out !important;-o-transition:fill .5s ease-in-out !important;transition:fill .5s ease-in-out !important}.xd3f15a38 .udfff0b6a .yf788af01.g176a4922 svg{fill:#242526 !important}.xd3f15a38 .d5788287d{display:-webkit-box !important;display:-ms-flexbox !important;display:flex !important;-webkit-box-align:center !important;-ms-flex-align:center !important;align-items:center !important;-webkit-box-pack:center !important;-ms-flex-pack:center !important;justify-content:center !important;pointer-events:none !important}.xd3f15a38 .d5788287d.f5739c180{color:#fff !important}.xd3f15a38 .d5788287d.g176a4922{color:#242526 !important}@-webkit-keyframes v8980b32f{0%,to{opacity:0 !important;visibility:hidden !important}4%,96%{visibility:visible !important;opacity:1 !important}}@keyframes v8980b32f{0%,to{opacity:0 !important;visibility:hidden !important}4%,96%{visibility:visible !important;opacity:1 !important}}@media (hover:hover) and (pointer:fine){.xd3f15a38 .x34af1d8e:hover .n6b0382d5{opacity:0 !important;visibility:hidden !important}.xd3f15a38 .x34af1d8e:hover .d553cf620{visibility:visible !important;opacity:1 !important}.xd3f15a38 .x34af1d8e[data-active]:hover .d553cf620{opacity:0 !important;visibility:hidden !important}.xd3f15a38 .x34af1d8e[data-active]:hover .n6b0382d5{visibility:visible !important;opacity:1 !important}}.xd3f15a38 .x34af1d8e.ha124d67e{right:45px !important}.xd3f15a38 .x34af1d8e.ha124d67e .a40246595.n6b0382d5{-webkit-transform:translateX(41px) !important;transform:translateX(41px) !important}.xd3f15a38 .x34af1d8e.ha124d67e .a40246595.n6b0382d5 .x5a63836c{-webkit-transform:translateX(-43px) !important;transform:translateX(-43px) !important}.xd3f15a38 .x34af1d8e{right:36px !important;width:32px !important}.xd3f15a38 .x34af1d8e[data-active] svg{color:#ee4f4f !important;fill:#ee4f4f !important}.xd3f15a38 .x34af1d8e[data-active] .n6b0382d5{-webkit-animation:v8980b32f 8s linear !important;animation:v8980b32f 8s linear !important}.xd3f15a38 .x34af1d8e .a40246595{position:absolute !important;color:#fff !important;opacity:0 !important;visibility:hidden !important;white-space:nowrap !important;top:29px !important;right:50% !important;-webkit-transform:translateX(50%) !important;transform:translateX(50%) !important;background:#343334 !important;border-radius:6px !important;padding:0 8px !important;height:24px !important;line-height:24px !important;font-size:11px !important;-webkit-transition:all .2s !important;-o-transition:all .2s !important;transition:all .2s !important}.xd3f15a38 .x34af1d8e .a40246595.n6b0382d5{-webkit-transform:translateX(32px) !important;transform:translateX(32px) !important;right:0 !important}.xd3f15a38 .x34af1d8e .a40246595.n6b0382d5 .x5a63836c{right:0 !important;-webkit-transform:translateX(-34px) !important;transform:translateX(-34px) !important}.xd3f15a38 .x34af1d8e .a40246595 .gf0017968{font-size:11px !important}.xd3f15a38 .x34af1d8e .a40246595 .x5a63836c{width:28px !important;height:8px !important;position:absolute !important;top:-6px !important;right:50% !important;-webkit-transform:translateX(50%) !important;transform:translateX(50%) !important;display:-webkit-box !important;display:-ms-flexbox !important;display:flex !important;-webkit-box-align:center !important;-ms-flex-align:center !important;align-items:center !important;-webkit-box-pack:center !important;-ms-flex-pack:center !important;justify-content:center !important}.xd3f15a38 .x34af1d8e .a40246595 .v1f200175{color:#ffd400 !important;text-decoration:none !important;text-transform:lowercase !important}.xd3f15a38 .ka3bf4606{margin-left:2px !important;pointer-events:auto !important;font-family:inherit !important;position:relative !important;-ms-flex-item-align:center !important;align-self:center !important}.xd3f15a38 .x4e068763{display:-webkit-box !important;display:-ms-flexbox !important;display:flex !important;-webkit-box-align:center !important;-ms-flex-align:center !important;align-items:center !important;cursor:pointer !important;position:absolute !important;left:4px !important;top:4px !important;z-index:10 !important;font-family:Helvetica,Arial,sans-serif !important;white-space:nowrap !important;height:12px !important;line-height:normal !important;-webkit-box-sizing:border-box !important;box-sizing:border-box !important;padding:0 4px !important;color:hsla(0,0%,100%,.8) !important;border-radius:16px !important;font-size:8px !important;text-transform:uppercase !important;letter-spacing:.125em !important;pointer-events:none !important;-webkit-transition:color .5s ease-in-out !important;-o-transition:color .5s ease-in-out !important;transition:color .5s ease-in-out !important}.xd3f15a38 .x4e068763,.xd3f15a38 .x4e068763>a{text-decoration:none !important}.xd3f15a38 .x4e068763>a{color:inherit !important}.xd3f15a38 .x4e068763.g4bf02784{color:#575c66 !important;background-color:#fff !important;opacity:.8 !important}.xd3f15a38 .x4e068763.xd730a71c,.xd3f15a38 .x4e068763.g176a4922{color:#3a3c40 !important}.xd3f15a38 .x4e068763.g176a4922{background:hsla(0,0%,100%,.8) !important}.xd3f15a38 .x4e068763.f5739c180,.xd3f15a38 .x4e068763.va84fc03e{color:#fff !important}.xd3f15a38 .x4e068763.f5739c180{background:rgba(26,43,77,.4) !important}.xd3f15a38 .x4e068763.g17af99c3,.xd3f15a38 .x4e068763.jbf981c3f{top:auto !important;left:auto !important;right:0 !important;bottom:0 !important;background:none !important;text-shadow:none !important;font-size:7px !important;padding:0 !important;height:auto !important;opacity:.8 !important;-webkit-backdrop-filter:none !important;backdrop-filter:none !important}.xd3f15a38 .x4e068763.b30ff9e05{background:none !important}.xd3f15a38 .x4e068763.uf0caa2d3{max-width:calc(100% - 42px) !important}.xd3f15a38 .he86efbcc{margin:0 2px !important}.xd3f15a38 .g65bdce00{text-decoration:none !important;pointer-events:auto !important;color:inherit !important}.xd3f15a38 .p587b410e{position:absolute !important;right:-2px !important;top:0 !important;z-index:9 !important;pointer-events:auto !important}.xd3f15a38 .uc631afa3{background:red !important}</style><yatag class="r9a6dbc97"></yatag><yatag class="cb7102727 x1534258f g403f013"><yatag class="e1aaee820" style="width: 240px !important; height: 600px !important;"><yatag id="ya_partner_R-I-338751-2-6" class="ob14e6c97" style="width: 240px !important; height: 600px !important;"><iframe frameborder="no" scrolling="no" allowtransparency="true" hidefocus="true" tabindex="-1" marginwidth="0" marginheight="0" src="https://yastatic.net/safeframe-bundles/0.83/1-1-0/protected/render.html" sandbox="allow-same-origin allow-popups allow-popups-to-escape-sandbox allow-scripts allow-forms" id="id4400" style="opacity: 1;"></iframe></yatag><yatag class="x4e068763 g4bf02784" data-test="AdKebabAndLabel--adLabelContent" data-label="true">Реклама</yatag><yatag class="cf5fdf888 jdc3bab0e i10a0580e"><yatag data-close="true" data-new-adtune="true" data-sticky-adtune="false" class="udfff0b6a g9169fd3f g4bf02784 v66493337"><yatag class="me03fd5cf b30ff9e05"></yatag><yatag class="yf788af01"><svg width="8" height="20" viewBox="0 0 8 20" fill="white" xmlns="http://www.w3.org/2000/svg"><circle cx="4" cy="4" r="1.5"></circle><circle cx="4" cy="10" r="1.5"></circle><circle cx="4" cy="16" r="1.5"></circle></svg></yatag></yatag></yatag></yatag></yatag></yatag></div></div></div></div></div> <div class="b-loader b-root__loader b-loader_disabled_false b-loader_size_m b-loader_show_false b-loader_deffer-hiding_true"><div class="b-loader__root"><div class="b-loader__container"></div></div></div></div> <footer class="b-footer b-footer_disabled_false b-root__footer"><span class="b-footer__root"><div class="b-footer__footer-line"><div class="b-footer__container"><div class="b-footer__column"><div class="b-footer__link">Помощь</div><a href="https://corp.edadeal.ru/help" class="b-footer__link">Инструкции и советы</a> <a href="https://feedback.edadeal.ru/default" class="b-footer__link">Написать в поддержку</a> <a href="https://corp.edadeal.ru/legal" class="b-footer__link">Правовые документы</a></div><div class="b-footer__column"><div class="b-footer__link">Партнерство</div><a href="https://business.edadeal.ru" class="b-footer__link">Едадил для бизнеса</a></div><div class="b-footer__column"><div class="b-footer__link">Едадил в соцсетях</div><a href="https://vk.com/edadeal" class="b-footer__link">ВКонтакте</a> <a href="https://t.me/edadeal_official" class="b-footer__link">Телеграм</a></div><div class="b-footer__column"><div class="b-footer__link">Для СМИ</div><a href="mailto:pr@yandex-team.ru" class="b-footer__link b-footer__link_type_mailto">pr@yandex-team.ru</a></div><div class="b-footer__column"><div class="b-footer__link">Правообладателям</div><a href="https://corp.edadeal.ru/legal#copyright" class="b-footer__link">О предъявлении претензий</a></div></div></div> <div class="b-footer__footer-line"><div class="b-footer__container"><div class="b-footer__column"><div class="b-footer__copyright">© Едадил, 2022</div> <div class="b-footer__version"><div class="b-footer__semver">v4.9.5</div> <div class="b-footer__build">(b: dfbc5fa9134017)</div></div></div> <div class="b-footer__description">App Store является знаком обслуживания компании Apple Inc. Google Play и логотип Google Play<br> являются товарными знаками корпорации Google LLC. HUAWEI и логотип HUAWEI являются товарными<br> знаками компании Huawei Technologies Co., Ltd.</div></div></div></span></footer></div> <div class="b-action-message b-action-message_disabled_false"><div class="b-action-message__root"></div></div> <div class="b-action-message b-action-message_disabled_false"><div class="b-action-message__root"></div></div>   <!----></div> <iframe src="https://sso.passport.yandex.ru/pull?origin=https%3A%2F%2Fedadeal.ru%2Fsankt-peterburg%2Fretailers%2F5ka&amp;uuid=b4f6f9ce-e4f7-4603-8ad8-a23d5de5d53d" style="position: absolute; left: -1000px; top: -1000px;"></iframe><style nonce="">.rtb-output-352a670fe3736 {display:-webkit-box;display:-ms-flexbox;display:flex;-webkit-box-pack:center;-ms-flex-pack:center;justify-content:center;width:100%;height:auto;}</style><div style="position: fixed; left: -99px;"><div id="bd4c86ab20"><iframe frameborder="no" scrolling="no" allowtransparency="true" hidefocus="true" tabindex="-1" marginwidth="0" marginheight="0" src="https://yastatic.net/safeframe-bundles/0.83/1-1-0/render.html" id="id8932" style="opacity: 1;"></iframe></div></div></body></html>